Row ID,Order ID,Order Date,Ship Date,Ship Mode,Customer ID,Customer Name,Segment,Postal Code,City,State,Country,Region,Market,Product ID,Category,Sub-Category,Product Name,Sales,Quantity,Discount,Profit
40098,CA-2014-AB10015140-41954,11/11/2014,11/13/2014,First Class,AB-100151402,Aaron Bergman,Consumer,73120,Oklahoma City,Oklahoma,United States,Central US,USCA,TEC-PH-5816,Technology,Phones,Samsung Convoy 3,$221.98 ,2,0,$62.15 
26341,IN-2014-JR162107-41675,2/5/2014,2/7/2014,Second Class,JR-162107,Justin Ritter,Corporate,,Wollongong,New South Wales,Australia,Oceania,Asia Pacific,FUR-CH-5379,Furniture,Chairs,"Novimex Executive Leather Armchair, Black","$3,709.40 ",9,0.1,($288.77)
25330,IN-2014-CR127307-41929,10/17/2014,10/18/2014,First Class,CR-127307,Craig Reiter,Consumer,,Brisbane,Queensland,Australia,Oceania,Asia Pacific,TEC-PH-5356,Technology,Phones,"Nokia Smart Phone, with Caller ID","$5,175.17 ",9,0.1,$919.97 
13524,ES-2014-KM1637548-41667,1/28/2014,1/30/2014,First Class,KM-1637548,Katherine Murray,Home Office,,Berlin,Berlin,Germany,Western Europe,Europe,TEC-PH-5267,Technology,Phones,"Motorola Smart Phone, Cordless","$2,892.51 ",5,0.1,($96.54)
47221,SG-2014-RH9495111-41948,11/5/2014,11/6/2014,Same Day,RH-9495111,Rick Hansen,Consumer,,Dakar,Dakar,Senegal,Western Africa,Africa,TEC-CO-6011,Technology,Copiers,"Sharp Wireless Fax, High-Speed","$2,832.96 ",8,0,$311.52 
22732,IN-2014-JM156557-41818,6/28/2014,7/1/2014,Second Class,JM-156557,Jim Mitchum,Corporate,,Sydney,New South Wales,Australia,Oceania,Asia Pacific,TEC-PH-5842,Technology,Phones,"Samsung Smart Phone, with Caller ID","$2,862.68 ",5,0.1,$763.28 
30570,IN-2012-TS2134092-41219,11/6/2012,11/8/2012,First Class,TS-2134092,Toby Swindell,Consumer,,Porirua,Wellington,New Zealand,Oceania,Asia Pacific,FUR-CH-5378,Furniture,Chairs,"Novimex Executive Leather Armchair, Adjustable","$1,822.08 ",4,0,$564.84 
31192,IN-2013-MB1808592-41378,4/14/2013,4/18/2013,Standard Class,MB-1808592,Mick Brown,Consumer,,Hamilton,Waikato,New Zealand,Oceania,Asia Pacific,FUR-TA-3764,Furniture,Tables,"Chromcraft Conference Table, Fully Assembled","$5,244.84 ",6,0,$996.48 
40099,CA-2014-AB10015140-41954,11/11/2014,11/13/2014,First Class,AB-100151402,Aaron Bergman,Consumer,73120,Oklahoma City,Oklahoma,United States,Central US,USCA,FUR-BO-5957,Furniture,Bookcases,"Sauder Facets Collection Library, Sky Alder Finish",$341.96 ,2,0,$54.71 
36258,CA-2012-AB10015140-40974,3/6/2012,3/7/2012,First Class,AB-100151404,Aaron Bergman,Consumer,98103,Seattle,Washington,United States,Western US,USCA,FUR-CH-4421,Furniture,Chairs,"Global Push Button Manager's Chair, Indigo",$48.71 ,1,0.2,$5.48 
36259,CA-2012-AB10015140-40974,3/6/2012,3/7/2012,First Class,AB-100151404,Aaron Bergman,Consumer,98103,Seattle,Washington,United States,Western US,USCA,OFF-AR-5309,Office Supplies,Art,Newell 330,$17.94 ,3,0,$4.66 
28879,ID-2013-AJ107801-41383,4/19/2013,4/22/2013,First Class,AJ-107801,Anthony Jacobs,Corporate,,Kabul,Kabul,Afghanistan,Southern Asia,Asia Pacific,FUR-TA-3420,Furniture,Tables,"Bevis Conference Table, Fully Assembled","$4,626.15 ",5,0,$647.55 
45794,SA-2012-MM7260110-41269,12/26/2012,12/28/2012,Second Class,MM-7260110,Magdelene Morse,Consumer,,Jizan,Jizan,Saudi Arabia,Western Asia,Asia Pacific,TEC-PH-3807,Technology,Phones,"Cisco Smart Phone, with Caller ID","$2,616.96 ",4,0,"$1,151.40 "
4132,MX-2013-VF2171518-41591,11/13/2013,11/13/2013,Same Day,VF-2171518,Vicky Freymann,Home Office,,Toledo,Parana,Brazil,South America,LATAM,FUR-CH-4530,Furniture,Chairs,"Harbour Creations Executive Leather Armchair, Adjustable","$2,221.80 ",7,0,$622.02 
27704,IN-2014-PF1912027-41796,6/6/2014,6/8/2014,Second Class,PF-1912027,Peter Fuller,Consumer,,Mudanjiang,Heilongjiang,China,Eastern Asia,Asia Pacific,OFF-AP-4959,Office Supplies,Appliances,"KitchenAid Microwave, White","$3,701.52 ",12,0,"$1,036.08 "
13779,ES-2015-BP1118545-42216,7/31/2015,8/3/2015,Second Class,BP-1118545,Ben Peterman,Corporate,,Paris,Ile-de-France,France,Western Europe,Europe,OFF-AP-3575,Office Supplies,Appliances,"Breville Refrigerator, Red","$1,869.59 ",4,0.1,$186.95 
39519,CA-2012-AB10015140-40958,2/19/2012,2/25/2012,Standard Class,AB-100151402,Aaron Bergman,Consumer,76017,Arlington,Texas,United States,Central US,USCA,OFF-ST-3078,Office Supplies,Storage,Akro Stacking Bins,$12.62 ,2,0.2,($2.52)
12069,ES-2015-PJ1883564-42255,9/8/2015,9/14/2015,Standard Class,PJ-1883564,Patrick Jones,Corporate,,Prato,Tuscany,Italy,Southern Europe,Europe,OFF-AP-4743,Office Supplies,Appliances,"Hoover Stove, Red","$7,958.58 ",14,0,"$3,979.08 "
22096,IN-2015-JS156857-42035,1/31/2015,2/1/2015,First Class,JS-156857,Jim Sink,Corporate,,Townsville,Queensland,Australia,Oceania,Asia Pacific,TEC-CO-3597,Technology,Copiers,"Brother Fax Machine, High-Speed","$2,565.59 ",9,0.1,$28.40 
49463,TZ-2015-RH9555129-42343,12/5/2015,12/7/2015,Second Class,RH-9555129,Ritsa Hightower,Consumer,,Uvinza,Kigoma,Tanzania,Eastern Africa,Africa,OFF-AP-4967,Office Supplies,Appliances,"KitchenAid Stove, White","$3,409.74 ",6,0,$818.28 
46630,PL-2013-AB600103-41494,8/8/2013,8/10/2013,First Class,AB-600103,Ann Blume,Corporate,,Bytom,Silesia,Poland,Eastern Europe,Europe,FUR-TA-4644,Furniture,Tables,"Hon Computer Table, with Bottom Storage","$1,977.72 ",4,0,$276.84 
36260,CA-2012-AB10015140-40974,3/6/2012,3/7/2012,First Class,AB-100151404,Aaron Bergman,Consumer,98103,Seattle,Washington,United States,Western US,USCA,OFF-ST-3744,Office Supplies,Storage,"Carina 42""Hx23 3/4""W Media Storage Unit",$242.94 ,3,0,$4.86 
21586,IN-2012-JK1532527-41030,5/1/2012,5/2/2012,First Class,JK-1532527,Jason Klamczynski,Corporate,,Suzhou,Anhui,China,Eastern Asia,Asia Pacific,FUR-CH-5774,Furniture,Chairs,"SAFCO Executive Leather Armchair, Black","$2,754.00 ",6,0,$358.02 
13528,ES-2014-LB16795139-41697,2/27/2014,3/1/2014,Second Class,LB-16795139,Laurel Beltran,Home Office,,Edinburgh,Scotland,United Kingdom,Northern Europe,Europe,OFF-AP-4960,Office Supplies,Appliances,"KitchenAid Refrigerator, Black","$5,273.70 ",10,0,"$1,898.40 "
1570,US-2015-NP1832582-42216,7/31/2015,8/1/2015,First Class,NP-1832582,Naresj Patel,Consumer,,Juárez,Chihuahua,Mexico,Central America,LATAM,TEC-PH-5268,Technology,Phones,"Motorola Smart Phone, Full Size","$1,713.84 ",4,0,$445.52 
3484,MX-2015-VD2167039-42252,9/5/2015,9/8/2015,First Class,VD-2167039,Valerie Dominguez,Consumer,,Soyapango,San Salvador,El Salvador,Central America,LATAM,FUR-TA-4643,Furniture,Tables,"Hon Computer Table, Fully Assembled","$2,106.50 ",8,0.2,$526.50 
30191,IN-2012-PB19210127-41259,12/16/2012,12/19/2012,First Class,PB-19210127,Phillip Breyer,Corporate,,Taipei,Taipei City,Taiwan,Eastern Asia,Asia Pacific,FUR-TA-5060,Furniture,Tables,"Lesro Conference Table, with Bottom Storage","$1,715.16 ",2,0,$720.36 
11645,ES-2012-EB1411048-40981,3/13/2012,3/16/2012,Second Class,EB-1411048,Eugene Barchas,Consumer,,Leipzig,Saxony,Germany,Western Europe,Europe,OFF-AP-4743,Office Supplies,Appliances,"Hoover Stove, Red","$3,069.74 ",6,0.1,"$1,364.24 "
38460,CA-2012-AH10030140-41020,4/21/2012,4/23/2012,Second Class,AH-100301406,Aaron Hawkins,Corporate,12180,Troy,New York,United States,Eastern US,USCA,OFF-FA-6129,Office Supplies,Fasteners,Staples,$247.84 ,8,0,$121.44 
22999,IN-2013-BP1123058-41329,2/24/2013,2/24/2013,Same Day,BP-1123058,Benjamin Patterson,Consumer,,Surat,Gujarat,India,Southern Asia,Asia Pacific,FUR-CH-5443,Furniture,Chairs,"Office Star Executive Leather Armchair, Red","$1,878.72 ",4,0,$582.36 
220,US-2012-RR1952536-41270,12/27/2012,12/29/2012,Second Class,RR-1952536,Rick Reed,Corporate,,Santo Domingo,Santo Domingo,Dominican Republic,Caribbean,LATAM,TEC-PH-5841,Technology,Phones,"Samsung Smart Phone, VoIP","$1,696.64 ",5,0.2,($148.46)
10648,ES-2013-BS1136545-41472,7/17/2013,7/19/2013,First Class,BS-1136545,Bill Shonely,Corporate,,Saint-Brieuc,Brittany,France,Western Europe,Europe,TEC-MA-5503,Technology,Machines,"Okidata Inkjet, Wireless","$2,402.87 ",9,0.15,$763.16 
40977,CA-2013-AH10030140-41635,12/27/2013,12/31/2013,Standard Class,AH-100301404,Aaron Hawkins,Corporate,94122,San Francisco,California,United States,Western US,USCA,TEC-PH-4389,Technology,Phones,Geemarc AmpliPOWER60,$668.16 ,9,0.2,$75.17 
21286,IN-2012-DP131057-41215,11/2/2012,11/4/2012,Second Class,DP-131057,Dave Poirier,Corporate,,Gold Coast,Queensland,Australia,Oceania,Asia Pacific,OFF-AP-3579,Office Supplies,Appliances,"Breville Stove, Red","$2,526.93 ",5,0.1,$561.48 
40976,CA-2013-AH10030140-41635,12/27/2013,12/31/2013,Standard Class,AH-100301404,Aaron Hawkins,Corporate,94122,San Francisco,California,United States,Western US,USCA,OFF-ST-4291,Office Supplies,Storage,Fellowes Super Stor/Drawer Files,$323.10 ,2,0,$61.39 
47905,CG-2012-AH1003033-41165,9/13/2012,9/14/2012,First Class,AH-1003033,Aaron Hawkins,Corporate,,Kamina,Katanga,Democratic Republic of the Congo,Central Africa,Africa,TEC-PH-3148,Technology,Phones,"Apple Smart Phone, Full Size","$3,817.26 ",6,0,"$1,068.66 "
36651,CA-2012-AH10030140-41041,5/12/2012,5/18/2012,Standard Class,AH-100301404,Aaron Hawkins,Corporate,90004,Los Angeles,California,United States,Western US,USCA,FUR-CH-4840,Furniture,Chairs,"Iceberg Nesting Folding Chair, 19w x 6d x 43h",$279.46 ,6,0.2,$20.96 
40100,CA-2012-AH10030140-41273,12/30/2012,12/31/2012,First Class,AH-100301406,Aaron Hawkins,Corporate,10035,New York City,New York,United States,Eastern US,USCA,TEC-AC-6340,Technology,Accessories,"Verbatim 25 GB 6x Blu-ray Single Layer Recordable Disc, 10/Pack",$34.77 ,3,0,$11.47 
15380,ES-2015-PO18865139-42018,1/14/2015,1/18/2015,Standard Class,PO-18865139,Patrick O'Donnell,Consumer,,Stockton-on-Tees,England,United Kingdom,Northern Europe,Europe,TEC-CO-3598,Technology,Copiers,"Brother Fax Machine, Laser","$4,141.02 ",13,0,"$1,697.67 "
28046,IN-2012-DL128657-40918,1/10/2012,1/11/2012,First Class,DL-128657,Dan Lawera,Consumer,,Brisbane,Queensland,Australia,Oceania,Asia Pacific,TEC-PH-5356,Technology,Phones,"Nokia Smart Phone, with Caller ID","$2,875.10 ",5,0.1,$511.10 
21316,ID-2014-JB1600059-41873,8/22/2014,8/26/2014,Standard Class,JB-1600059,Joy Bell-,Consumer,,Mataram,Nusa Tenggara Barat,Indonesia,Southeastern Asia,Asia Pacific,TEC-PH-5268,Technology,Phones,"Motorola Smart Phone, Full Size","$3,200.60 ",6,0.17,($77.20)
29272,IN-2015-BF1100558-42319,11/11/2015,11/15/2015,Standard Class,BF-1100558,Barry Franz,Home Office,,Gorakhpur,Haryana,India,Southern Asia,Asia Pacific,TEC-PH-5269,Technology,Phones,"Motorola Smart Phone, with Caller ID","$4,518.78 ",7,0,$632.52 
25795,IN-2015-VG2180558-42273,9/26/2015,9/28/2015,Second Class,VG-2180558,Vivek Grady,Corporate,,Thiruvananthapuram,Kerala,India,Southern Asia,Asia Pacific,FUR-BO-5951,Furniture,Bookcases,"Sauder Classic Bookcase, Traditional","$5,667.87 ",13,0,"$2,097.03 "
16681,ES-2013-GT14710139-41621,12/13/2013,12/17/2013,Standard Class,GT-14710139,Greg Tran,Consumer,,Huddersfield,England,United Kingdom,Northern Europe,Europe,TEC-PH-5267,Technology,Phones,"Motorola Smart Phone, Cordless","$5,785.02 ",9,0,$404.73 
15953,IT-2012-ZC2191048-41174,9/22/2012,9/24/2012,First Class,ZC-2191048,Zuschuss Carroll,Consumer,,Berlin,Berlin,Germany,Western Europe,Europe,OFF-AP-3874,Office Supplies,Appliances,"Cuisinart Stove, Silver","$3,018.62 ",7,0.2,$377.24 
34608,CA-2014-AH10030140-41719,3/21/2014,3/26/2014,Second Class,AH-100301408,Aaron Hawkins,Corporate,39503,Gulfport,Mississippi,United States,Southern US,USCA,FUR-FU-4072,Furniture,Furnishings,"Eldon Image Series Desk Accessories, Ebony",$86.45 ,7,0,$38.04 
13847,IT-2014-EB1384045-41706,3/8/2014,3/8/2014,Same Day,EB-1384045,Ellis Ballard,Corporate,,Montreuil,Ile-de-France,France,Western Europe,Europe,FUR-CH-5441,Furniture,Chairs,"Office Star Executive Leather Armchair, Adjustable","$2,092.50 ",5,0.1,$720.75 
24341,IN-2015-AP1091527-42244,8/28/2015,8/29/2015,First Class,AP-1091527,Arthur Prichep,Consumer,,Shouguang,Shandong,China,Eastern Asia,Asia Pacific,FUR-CH-5380,Furniture,Chairs,"Novimex Executive Leather Armchair, Red","$2,761.20 ",6,0,$110.34 
28701,IN-2015-SW2027558-42125,5/1/2015,5/1/2015,Same Day,SW-2027558,Scott Williamson,Consumer,,Jamshedpur,Jharkhand,India,Southern Asia,Asia Pacific,TEC-MA-5007,Technology,Machines,"Konica Inkjet, White","$2,174.13 ",7,0,$500.01 
6550,MX-2015-JH15820141-42356,12/18/2015,12/20/2015,Second Class,JH-15820141,John Huston,Consumer,,Paysandú,Paysandú,Uruguay,South America,LATAM,FUR-CH-4531,Furniture,Chairs,"Harbour Creations Executive Leather Armchair, Black","$3,473.14 ",11,0,$868.12 
37425,US-2012-AH10030140-41206,10/24/2012,10/27/2012,First Class,AH-100301404,Aaron Hawkins,Corporate,94109,San Francisco,California,United States,Western US,USCA,OFF-BI-4372,Office Supplies,Binders,GBC VeloBind Cover Sets,$49.41 ,4,0.2,$18.53 
48360,IR-2015-TG1164060-42265,9/18/2015,9/21/2015,First Class,TG-1164060,Trudy Glocke,Consumer,,Behshahr,Mazandaran,Iran,Southern Asia,Asia Pacific,TEC-CO-3678,Technology,Copiers,"Canon Copy Machine, Color","$2,108.64 ",8,0,$527.04 
40101,CA-2012-AH10030140-41273,12/30/2012,12/31/2012,First Class,AH-100301406,Aaron Hawkins,Corporate,10035,New York City,New York,United States,Eastern US,USCA,OFF-LA-3231,Office Supplies,Labels,Avery 51,$18.90 ,3,0,$8.69 
30190,IN-2012-PB19210127-41259,12/16/2012,12/19/2012,First Class,PB-19210127,Phillip Breyer,Corporate,,Taipei,Taipei City,Taiwan,Eastern Asia,Asia Pacific,FUR-BO-5762,Furniture,Bookcases,"Safco Classic Bookcase, Pine","$2,197.50 ",5,0,$153.75 
42336,MZ-2014-DG330087-41991,12/18/2014,12/18/2014,Same Day,DG-330087,Deirdre Greer,Corporate,,Maputo,Cidade De Maputo,Mozambique,Eastern Africa,Africa,TEC-PH-5269,Technology,Phones,"Motorola Smart Phone, with Caller ID","$2,582.16 ",4,0,$593.88 
29047,IN-2013-SG2047058-41424,5/30/2013,5/31/2013,First Class,SG-2047058,Sheri Gordon,Consumer,,Bhopal,Madhya Pradesh,India,Southern Asia,Asia Pacific,TEC-CO-4590,Technology,Copiers,"Hewlett Wireless Fax, Color","$1,526.52 ",4,0,$732.72 
38461,CA-2012-AH10030140-41020,4/21/2012,4/23/2012,Second Class,AH-100301406,Aaron Hawkins,Corporate,12180,Troy,New York,United States,Eastern US,USCA,OFF-BI-2937,Office Supplies,Binders,"ACCOHIDE 3-Ring Binder, Blue, 1""",$9.91 ,3,0.2,$3.35 
29601,IN-2013-GP1474058-41419,5/25/2013,5/28/2013,Second Class,GP-1474058,Guy Phonely,Corporate,,Delhi,Delhi,India,Southern Asia,Asia Pacific,FUR-TA-3766,Furniture,Tables,"Chromcraft Conference Table, with Bottom Storage","$1,745.34 ",2,0,$226.86 
23499,IN-2015-MW182207-42221,8/5/2015,8/6/2015,First Class,MW-182207,Mitch Webber,Consumer,,Geraldton,Western Australia,Australia,Oceania,Asia Pacific,OFF-AP-3577,Office Supplies,Appliances,"Breville Refrigerator, White","$4,191.51 ",9,0.1,"$1,164.27 "
36652,CA-2012-AH10030140-41041,5/12/2012,5/18/2012,Standard Class,AH-100301404,Aaron Hawkins,Corporate,90004,Los Angeles,California,United States,Western US,USCA,OFF-PA-4014,Office Supplies,Paper,EcoTones Memo Sheets,$8.00 ,2,0,$3.84 
26634,IN-2015-CS1246011-42074,3/11/2015,3/13/2015,Second Class,CS-1246011,Chuck Sachs,Consumer,,Dhaka,Dhaka,Bangladesh,Southern Asia,Asia Pacific,FUR-BO-5760,Furniture,Bookcases,"Safco Classic Bookcase, Metal","$3,063.27 ",7,0,$581.91 
34496,CA-2015-AH10030140-42357,12/19/2015,12/23/2015,Standard Class,AH-100301406,Aaron Hawkins,Corporate,19134,Philadelphia,Pennsylvania,United States,Eastern US,USCA,OFF-AR-3276,Office Supplies,Art,Avery Fluorescent Highlighter Four-Color Set,$18.70 ,7,0.2,$2.34 
10522,ES-2015-MS1798048-42227,8/11/2015,8/16/2015,Second Class,MS-1798048,Michael Stewart,Corporate,,Munster,Lower Saxony,Germany,Western Europe,Europe,TEC-PH-5839,Technology,Phones,"Samsung Smart Phone, Cordless","$4,473.00 ",7,0,$313.11 
10549,IT-2014-KC1667548-41882,8/31/2014,9/3/2014,First Class,KC-1667548,Kimberly Carter,Corporate,,Celle,Lower Saxony,Germany,Western Europe,Europe,TEC-PH-3130,Technology,Phones,"Apple Audio Dock, with Caller ID","$1,502.01 ",9,0,$225.18 
25314,IN-2015-DB1340527-42022,1/18/2015,1/23/2015,Standard Class,DB-1340527,Denny Blanton,Consumer,,Wuxi,Jiangsu,China,Eastern Asia,Asia Pacific,FUR-CH-5774,Furniture,Chairs,"SAFCO Executive Leather Armchair, Black","$5,049.00 ",11,0,$656.37 
32637,CA-2015-AS10045140-42007,1/3/2015,1/5/2015,First Class,AS-100451408,Aaron Smayling,Corporate,28540,Jacksonville,North Carolina,United States,Southern US,USCA,TEC-MA-3788,Technology,Machines,Cisco CP-7937G Unified IP Conference Station Phone,$695.70 ,2,0.5,($27.83)
16653,IT-2015-DK13090120-42345,12/7/2015,12/8/2015,First Class,DK-13090120,Dave Kipp,Consumer,,Seville,Andalusía,Spain,Southern Europe,Europe,FUR-BO-5760,Furniture,Bookcases,"Safco Classic Bookcase, Metal","$2,188.05 ",5,0,"$1,050.15 "
28932,IN-2015-CS1184558-42354,12/16/2015,12/19/2015,First Class,CS-1184558,Cari Sayre,Corporate,,Raipur,Uttarakhand,India,Southern Asia,Asia Pacific,FUR-TA-3779,Furniture,Tables,"Chromcraft Wood Table, Rectangular","$1,920.36 ",4,0,$652.92 
8029,MX-2015-EM1420082-42328,11/20/2015,11/20/2015,Same Day,EM-1420082,Evan Minnotte,Home Office,,Gómez Palacio,Durango,Mexico,Central America,LATAM,TEC-PH-5839,Technology,Phones,"Samsung Smart Phone, Cordless","$1,704.00 ",4,0,$119.28 
50411,UP-2012-DW3480137-41221,11/8/2012,11/10/2012,First Class,DW-3480137,Dianna Wilson,Home Office,,Kharkiv,Kharkiv,Ukraine,Eastern Europe,Europe,FUR-TA-3771,Furniture,Tables,"Chromcraft Round Table, Rectangular","$1,858.68 ",4,0,$130.08 
21191,IN-2014-AS1022527-41797,6/7/2014,6/9/2014,First Class,AS-1022527,Alan Schoenberger,Corporate,,Jinan,Shandong,China,Eastern Asia,Asia Pacific,FUR-CH-4530,Furniture,Chairs,"Harbour Creations Executive Leather Armchair, Adjustable","$3,298.26 ",7,0,"$1,055.25 "
4960,MX-2012-ST2053093-41234,11/21/2012,11/22/2012,First Class,ST-2053093,Shui Tom,Consumer,,Chinandega,Chinandega,Nicaragua,Central America,LATAM,OFF-AP-4497,Office Supplies,Appliances,"Hamilton Beach Microwave, Black","$2,443.48 ",13,0,$121.94 
49085,CG-2014-BW106533-41727,3/29/2014,3/31/2014,Second Class,BW-106533,Barry Weirich,Consumer,,Kananga,Kasai-Occidental,Democratic Republic of the Congo,Central Africa,Africa,FUR-CH-4530,Furniture,Chairs,"Harbour Creations Executive Leather Armchair, Adjustable","$3,808.80 ",8,0,"$1,523.52 "
21209,IN-2015-LA1678059-42242,8/26/2015,8/27/2015,First Class,LA-1678059,Laura Armstrong,Corporate,,Palembang,Sumatera Selatan,Indonesia,Southeastern Asia,Asia Pacific,FUR-TA-3422,Furniture,Tables,"Bevis Conference Table, with Bottom Storage","$3,427.15 ",7,0.47,($452.81)
12161,ES-2013-AB10150139-41537,9/20/2013,9/22/2013,Second Class,AB-10150139,Aimee Bixby,Consumer,,London,England,United Kingdom,Northern Europe,Europe,TEC-PH-5355,Technology,Phones,"Nokia Smart Phone, Full Size","$3,441.69 ",6,0.1,$38.07 
25438,IN-2015-JH158207-42140,5/16/2015,5/18/2015,Second Class,JH-158207,John Huston,Consumer,,Melbourne,Victoria,Australia,Oceania,Asia Pacific,TEC-PH-3147,Technology,Phones,"Apple Smart Phone, Cordless","$2,863.35 ",5,0.1,$858.90 
33130,CA-2015-AS10045140-42218,8/2/2015,8/8/2015,Standard Class,AS-100451402,Aaron Smayling,Corporate,78745,Austin,Texas,United States,Central US,USCA,TEC-MA-3329,Technology,Machines,Bady BDG101FRU Card Printer,"$1,439.98 ",3,0.4,($264.00)
16988,ES-2014-BE1141048-41967,11/24/2014,11/25/2014,First Class,BE-1141048,Bobby Elias,Consumer,,Duisburg,North Rhine-Westphalia,Germany,Western Europe,Europe,TEC-CO-3599,Technology,Copiers,"Brother Ink, Color","$1,487.40 ",10,0,$728.70 
24443,IN-2012-SZ2003527-41221,11/8/2012,11/10/2012,Second Class,SZ-2003527,Sam Zeldin,Home Office,,Nanchong,Sichuan,China,Eastern Asia,Asia Pacific,TEC-CO-6010,Technology,Copiers,"Sharp Wireless Fax, Digital","$3,200.04 ",9,0,"$1,183.95 "
30199,IN-2012-RM1937558-41209,10/27/2012,10/27/2012,Same Day,RM-1937558,Raymond Messe,Consumer,,Naihati,West Bengal,India,Southern Asia,Asia Pacific,FUR-CH-5380,Furniture,Chairs,"Novimex Executive Leather Armchair, Red","$2,301.00 ",5,0,$91.95 
13879,ES-2015-HG1484545-42327,11/19/2015,11/23/2015,Standard Class,HG-1484545,Harry Greene,Consumer,,Lille,Nord-Pas-de-Calais-Picardie,France,Western Europe,Europe,FUR-CH-4654,Furniture,Chairs,"Hon Executive Leather Armchair, Adjustable","$5,729.35 ",14,0.1,$63.55 
50788,MO-2015-DP310586-42305,10/28/2015,10/30/2015,Second Class,DP-310586,Dave Poirier,Corporate,,Meknes,Meknès-Tafilalet,Morocco,North Africa,Africa,TEC-CO-3710,Technology,Copiers,"Canon Wireless Fax, Laser","$5,301.24 ",14,0,"$2,597.28 "
40834,CA-2014-AS10045140-41908,9/26/2014,9/28/2014,First Class,AS-100451404,Aaron Smayling,Corporate,94110,San Francisco,California,United States,Western US,USCA,FUR-BO-3176,Furniture,Bookcases,"Atlantic Metals Mobile 4-Shelf Bookcases, Custom Colors",$477.67 ,2,0.15,$84.29 
40425,US-2015-AS10045140-42252,9/5/2015,9/6/2015,First Class,AS-100451404,Aaron Smayling,Corporate,97756,Redmond,Oregon,United States,Western US,USCA,OFF-BI-3324,Office Supplies,Binders,"Avery Trapezoid Extra Heavy Duty 4"" Binders",$88.07 ,7,0.7,($58.72)
18241,ES-2014-JB1600048-41668,1/29/2014,2/5/2014,Standard Class,JB-1600048,Joy Bell-,Consumer,,Krefeld,North Rhine-Westphalia,Germany,Western Europe,Europe,TEC-PH-5268,Technology,Phones,"Motorola Smart Phone, Full Size","$3,219.90 ",5,0,$965.85 
23013,ID-2013-AM1070559-41535,9/18/2013,9/21/2013,Second Class,AM-1070559,Anne McFarland,Consumer,,Bandung,Jawa Barat,Indonesia,Southeastern Asia,Asia Pacific,OFF-AP-4501,Office Supplies,Appliances,"Hamilton Beach Refrigerator, Black","$2,487.81 ",6,0.17,($269.79)
45616,MO-2014-AB25586-41966,11/23/2014,11/23/2014,Same Day,AB-25586,Alejandro Ballentine,Home Office,,Casablanca,Grand Casablanca,Morocco,North Africa,Africa,OFF-AP-4745,Office Supplies,Appliances,"Hoover Stove, White","$2,266.44 ",4,0,$113.28 
25026,IN-2013-RP192707-41438,6/13/2013,6/13/2013,Same Day,RP-192707,Rachel Payne,Corporate,,Sydney,New South Wales,Australia,Oceania,Asia Pacific,TEC-CO-3611,Technology,Copiers,"Brother Wireless Fax, Laser","$3,068.36 ",9,0.1,"$1,124.90 "
27962,IN-2014-BK1126011-41940,10/28/2014,10/31/2014,First Class,BK-1126011,Berenike Kampe,Consumer,,Tongi,Dhaka,Bangladesh,Southern Asia,Asia Pacific,FUR-BO-4849,Furniture,Bookcases,"Ikea Classic Bookcase, Mobile","$3,728.43 ",9,0,"$1,192.86 "
26669,IN-2014-JM1525027-41985,12/12/2014,12/14/2014,First Class,JM-1525027,Janet Martin,Consumer,,Suzhou,Anhui,China,Eastern Asia,Asia Pacific,TEC-CO-3678,Technology,Copiers,"Canon Copy Machine, Color","$1,581.48 ",6,0,$0.00 
29600,IN-2013-GP1474058-41419,5/25/2013,5/28/2013,Second Class,GP-1474058,Guy Phonely,Corporate,,Delhi,Delhi,India,Southern Asia,Asia Pacific,TEC-PH-5356,Technology,Phones,"Nokia Smart Phone, with Caller ID","$1,916.73 ",3,0,$498.33 
34336,CA-2015-AS10045140-42281,10/4/2015,10/9/2015,Standard Class,AS-100451404,Aaron Smayling,Corporate,91104,Pasadena,California,United States,Western US,USCA,FUR-TA-5066,Furniture,Tables,"Lesro Sheffield Collection Coffee Table, End Table, Center Table, Corner Table",$171.29 ,3,0.2,($6.42)
19195,ES-2014-NZ1856545-41975,12/2/2014,12/2/2014,Same Day,NZ-1856545,Nick Zandusky,Home Office,,Paris,Ile-de-France,France,Western Europe,Europe,OFF-AP-4508,Office Supplies,Appliances,"Hamilton Beach Stove, White","$2,432.16 ",5,0.1,$513.36 
32639,CA-2015-AS10045140-42007,1/3/2015,1/5/2015,First Class,AS-100451408,Aaron Smayling,Corporate,28540,Jacksonville,North Carolina,United States,Southern US,USCA,OFF-BI-3308,Office Supplies,Binders,Avery Recycled Flexi-View Covers for Binding Systems,$28.85 ,6,0.7,($21.16)
26731,ID-2014-SC20695102-41667,1/28/2014,1/30/2014,First Class,SC-20695102,Steve Chapman,Corporate,,Manila,National Capital,Philippines,Southeastern Asia,Asia Pacific,FUR-CH-5443,Furniture,Chairs,"Office Star Executive Leather Armchair, Red","$2,465.82 ",7,0.25,$197.19 
31278,IN-2013-NC186257-41401,5/7/2013,5/7/2013,Same Day,NC-186257,Noah Childs,Corporate,,Newcastle,New South Wales,Australia,Oceania,Asia Pacific,FUR-TA-3422,Furniture,Tables,"Bevis Conference Table, with Bottom Storage","$1,847.52 ",2,0,$738.96 
12035,ES-2014-NF183858-41970,11/27/2014,11/29/2014,First Class,NF-183858,Natalie Fritzler,Consumer,,Graz,Styria,Austria,Western Europe,Europe,FUR-BO-4849,Furniture,Bookcases,"Ikea Classic Bookcase, Mobile","$2,899.89 ",7,0,$927.78 
29149,IN-2013-NZ185657-41606,11/28/2013,12/2/2013,Second Class,NZ-185657,Nick Zandusky,Home Office,,Nowra,New South Wales,Australia,Oceania,Asia Pacific,FUR-CH-5774,Furniture,Chairs,"SAFCO Executive Leather Armchair, Black","$2,891.70 ",7,0.1,$96.39 
15896,IT-2013-PM1894045-41546,9/29/2013,9/29/2013,Same Day,PM-1894045,Paul MacIntyre,Consumer,,Boulogne-Billancourt,Ile-de-France,France,Western Europe,Europe,TEC-MA-5572,Technology,Machines,"Panasonic Printer, Red","$2,016.85 ",9,0.15,($0.05)
18307,ES-2014-MZ1733545-41885,9/3/2014,9/5/2014,Second Class,MZ-1733545,Maria Zettner,Home Office,,Malakoff,Ile-de-France,France,Western Europe,Europe,OFF-AP-4503,Office Supplies,Appliances,"Hamilton Beach Refrigerator, Silver","$3,155.54 ",7,0.1,$34.94 
46257,CG-2014-HM498033-41846,7/26/2014,8/1/2014,Standard Class,HM-498033,Henry MacAllister,Consumer,,Kinshasa,Kinshasa,Democratic Republic of the Congo,Central Africa,Africa,TEC-PH-5268,Technology,Phones,"Motorola Smart Phone, Full Size","$3,856.14 ",6,0,"$1,465.20 "
21142,IN-2015-RW195407-42327,11/19/2015,11/25/2015,Standard Class,RW-195407,Rick Wilson,Corporate,,Perth,Western Australia,Australia,Oceania,Asia Pacific,TEC-PH-3806,Technology,Phones,"Cisco Smart Phone, Full Size","$3,524.47 ",6,0.1,$861.37 
10308,ES-2013-LH1715545-41444,6/19/2013,6/19/2013,Same Day,LH-1715545,Logan Haushalter,Consumer,,Le Bouscat,Aquitaine-Limousin-Poitou-Charentes,France,Western Europe,Europe,TEC-PH-5840,Technology,Phones,"Samsung Smart Phone, Full Size","$2,167.30 ",4,0.15,$790.42 
6776,MX-2013-FH1436582-41558,10/11/2013,10/14/2013,First Class,FH-1436582,Fred Hopkins,Corporate,,Puebla,Puebla,Mexico,Central America,LATAM,TEC-PH-5839,Technology,Phones,"Samsung Smart Phone, Cordless","$2,556.00 ",6,0,$178.92 
16948,ES-2012-KM1666048-41129,8/8/2012,8/10/2012,First Class,KM-1666048,Khloe Miller,Consumer,,Augsburg,Bavaria,Germany,Western Europe,Europe,TEC-CO-5999,Technology,Copiers,"Sharp Fax Machine, High-Speed","$1,469.25 ",5,0,$308.40 
11611,ES-2012-PO1886545-41217,11/4/2012,11/8/2012,Second Class,PO-1886545,Patrick O'Donnell,Consumer,,Nice,Provence-Alpes-Côte d'Azur,France,Western Europe,Europe,TEC-PH-3807,Technology,Phones,"Cisco Smart Phone, with Caller ID","$4,448.83 ",8,0.15,"$1,517.71 "
35876,US-2012-AS10045140-41116,7/26/2012,8/1/2012,Standard Class,AS-100451406,Aaron Smayling,Corporate,10035,New York City,New York,United States,Eastern US,USCA,OFF-PA-6512,Office Supplies,Paper,Xerox 1956,$65.78 ,11,0,$32.23 
1873,MX-2014-AB1006028-41755,4/26/2014,4/28/2014,First Class,AB-1006028,Adam Bellavance,Home Office,,Medellín,Antioquia,Colombia,South America,LATAM,FUR-BO-3891,Furniture,Bookcases,"Dania Classic Bookcase, Pine","$2,472.66 ",9,0,$914.76 
29120,IN-2014-DB130607-41999,12/26/2014,12/26/2014,Same Day,DB-130607,Dave Brooks,Consumer,,Gold Coast,Queensland,Australia,Oceania,Asia Pacific,OFF-AP-3575,Office Supplies,Appliances,"Breville Refrigerator, Red","$3,739.18 ",8,0.1,$747.82 
11743,IT-2014-VM2168591-41711,3/13/2014,3/13/2014,Same Day,VM-2168591,Valerie Mitchum,Home Office,,Bergen op Zoom,North Brabant,Netherlands,Western Europe,Europe,FUR-CH-5442,Furniture,Chairs,"Office Star Executive Leather Armchair, Black","$2,570.87 ",11,0.5,"($2,211.17)"
32648,CA-2014-AS10045140-41727,3/29/2014,4/1/2014,First Class,AS-100451408,Aaron Smayling,Corporate,22204,Arlington,Virginia,United States,Southern US,USCA,OFF-ST-4516,Office Supplies,Storage,Hanging Personal Folder File,$31.40 ,2,0,$7.85 
17522,ES-2013-DM1352548-41369,4/5/2013,4/5/2013,Same Day,DM-1352548,Don Miller,Corporate,,Hanover,Lower Saxony,Germany,Western Europe,Europe,TEC-PH-3149,Technology,Phones,"Apple Smart Phone, with Caller ID","$2,875.77 ",9,0.5,"($1,783.08)"
14721,ES-2013-NM18520120-41634,12/26/2013,12/28/2013,Second Class,NM-18520120,Neoma Murray,Consumer,,Vigo,Galicia,Spain,Southern Europe,Europe,FUR-BO-5948,Furniture,Bookcases,"Sauder Classic Bookcase, Metal","$1,741.80 ",4,0,$261.24 
29629,IN-2014-LC168857-41747,4/18/2014,4/19/2014,First Class,LC-168857,Lena Creighton,Consumer,,Sydney,New South Wales,Australia,Oceania,Asia Pacific,TEC-CO-6012,Technology,Copiers,"Sharp Wireless Fax, Laser","$1,601.64 ",5,0.1,$587.19 
25868,IN-2012-RO1978027-41052,5/23/2012,5/25/2012,Second Class,RO-1978027,Rose O'Brian,Consumer,,Gaoyou,Jiangsu,China,Eastern Asia,Asia Pacific,OFF-AP-4738,Office Supplies,Appliances,"Hoover Refrigerator, White","$3,670.80 ",7,0,$367.08 
33131,CA-2015-AS10045140-42218,8/2/2015,8/8/2015,Standard Class,AS-100451402,Aaron Smayling,Corporate,78745,Austin,Texas,United States,Central US,USCA,OFF-PA-6557,Office Supplies,Paper,Xerox 1998,$36.29 ,7,0.2,$12.70 
19559,ES-2014-EM1406548-41775,5/16/2014,5/20/2014,Second Class,EM-1406548,Erin Mull,Consumer,,Bremen,Bremen,Germany,Western Europe,Europe,TEC-CO-4593,Technology,Copiers,"Hewlett Wireless Fax, Laser","$1,900.95 ",5,0,$589.20 
32638,CA-2015-AS10045140-42007,1/3/2015,1/5/2015,First Class,AS-100451408,Aaron Smayling,Corporate,28540,Jacksonville,North Carolina,United States,Southern US,USCA,OFF-BI-3185,Office Supplies,Binders,"Avery 3 1/2"" Diskette Storage Pages, 10/Pack",$15.66 ,5,0.7,($12.53)
14070,IT-2012-ON1871545-40955,2/16/2012,2/19/2012,Second Class,ON-1871545,Odella Nelson,Corporate,,Muret,Languedoc-Roussillon-Midi-Pyrénées,France,Western Europe,Europe,FUR-CH-5774,Furniture,Chairs,"SAFCO Executive Leather Armchair, Black","$4,544.10 ",11,0.1,"$1,868.13 "
21306,IN-2014-VS2182027-41790,5/31/2014,6/2/2014,First Class,VS-2182027,Vivek Sundaresam,Consumer,,Zigong,Sichuan,China,Eastern Asia,Asia Pacific,FUR-BO-3639,Furniture,Bookcases,"Bush Library with Doors, Metal","$1,455.12 ",4,0,$116.40 
21668,IN-2014-CM121157-41913,10/1/2014,10/2/2014,First Class,CM-121157,Chad McGuire,Consumer,,Adelaide,South Australia,Australia,Oceania,Asia Pacific,TEC-CO-4790,Technology,Copiers,"HP Wireless Fax, Digital","$1,943.19 ",6,0.1,$258.93 
39465,CA-2015-AB10060140-42315,11/7/2015,11/14/2015,Standard Class,AB-100601404,Adam Bellavance,Home Office,98105,Seattle,Washington,United States,Western US,USCA,FUR-TA-4622,Furniture,Tables,Hon 5100 Series Wood Tables,"$2,036.86 ",7,0,$366.63 
31650,CA-2014-AB10060140-41884,9/2/2014,9/4/2014,First Class,AB-100601406,Adam Bellavance,Home Office,10009,New York City,New York,United States,Eastern US,USCA,OFF-BI-4340,Office Supplies,Binders,GBC DocuBind P400 Electric Binding System,"$4,355.17 ",4,0.2,"$1,415.43 "
24260,ID-2014-JK153257-41984,12/11/2014,12/14/2014,Second Class,JK-153257,Jason Klamczynski,Corporate,,Adelaide,South Australia,Australia,Oceania,Asia Pacific,TEC-CO-3709,Technology,Copiers,"Canon Wireless Fax, High-Speed","$1,695.87 ",5,0.1,($37.83)
13646,IT-2015-RP1927045-42081,3/18/2015,3/21/2015,Second Class,RP-1927045,Rachel Payne,Corporate,,Chelles,Ile-de-France,France,Western Europe,Europe,TEC-CO-5998,Technology,Copiers,"Sharp Fax Machine, Digital","$1,505.98 ",6,0.15,($265.76)
23708,IN-2015-DW1354078-42357,12/19/2015,12/20/2015,First Class,DW-1354078,Don Weiss,Consumer,,Kuantan,Pahang,Malaysia,Southeastern Asia,Asia Pacific,TEC-PH-3806,Technology,Phones,"Cisco Smart Phone, Full Size","$1,954.17 ",3,0,$312.66 
39466,CA-2015-AB10060140-42315,11/7/2015,11/14/2015,Standard Class,AB-100601404,Adam Bellavance,Home Office,98105,Seattle,Washington,United States,Western US,USCA,FUR-CH-4613,Furniture,Chairs,Hon 2090 “Pillow Soft” Series Mid Back Swivel/Tilt Chairs,$449.57 ,2,0.2,($73.05)
33661,US-2014-AB10060140-41712,3/14/2014,3/19/2014,Standard Class,AB-100601408,Adam Bellavance,Home Office,22980,Waynesboro,Virginia,United States,Southern US,USCA,OFF-AP-4221,Office Supplies,Appliances,"Eureka The Boss Lite 10-Amp Upright Vacuum, Blue",$160.32 ,2,0,$44.89 
39467,CA-2015-AB10060140-42315,11/7/2015,11/14/2015,Standard Class,AB-100601404,Adam Bellavance,Home Office,98105,Seattle,Washington,United States,Western US,USCA,TEC-AC-5858,Technology,Accessories,SanDisk Cruzer 64 GB USB Flash Drive,$108.96 ,3,0,$32.69 
1779,MX-2015-GM1444037-42265,9/18/2015,9/18/2015,Same Day,GM-1444037,Gary McGarr,Consumer,,Quito,Pichincha,Ecuador,South America,LATAM,TEC-CO-3587,Technology,Copiers,"Brother Copy Machine, Color","$1,213.19 ",7,0.002,$508.01 
23880,IN-2014-SV2081558-41968,11/25/2014,11/27/2014,First Class,SV-2081558,Stuart Van,Corporate,,Vadodara,Gujarat,India,Southern Asia,Asia Pacific,TEC-CO-4577,Technology,Copiers,"Hewlett Fax Machine, High-Speed","$1,590.60 ",5,0,$572.55 
27094,IN-2014-MM1792027-41950,11/7/2014,11/10/2014,First Class,MM-1792027,Michael Moore,Consumer,,Sanya,Hainan,China,Eastern Asia,Asia Pacific,TEC-AC-3405,Technology,Accessories,"Belkin Router, USB","$2,330.64 ",9,0,"$1,025.46 "
24424,IN-2015-JK1612059-42204,7/19/2015,7/23/2015,Standard Class,JK-1612059,Julie Kriz,Home Office,,Palembang,Sumatera Selatan,Indonesia,Southeastern Asia,Asia Pacific,FUR-BO-5761,Furniture,Bookcases,"Safco Classic Bookcase, Mobile","$3,278.58 ",8,0.07,$140.82 
22049,ID-2013-EM14200130-41502,8/16/2013,8/16/2013,Same Day,EM-14200130,Evan Minnotte,Home Office,,Bangkok,Bangkok,Thailand,Southeastern Asia,Asia Pacific,TEC-PH-5268,Technology,Phones,"Motorola Smart Phone, Full Size","$3,741.52 ",7,0.17,$946.63 
40796,CA-2015-AB10060140-42314,11/6/2015,11/8/2015,First Class,AB-100601402,Adam Bellavance,Home Office,46142,Greenwood,Indiana,United States,Central US,USCA,OFF-PA-6214,Office Supplies,Paper,Strathmore Photo Mount Cards,$67.80 ,10,0,$31.19 
23815,IN-2013-PM1894059-41284,1/10/2013,1/14/2013,Standard Class,PM-1894059,Paul MacIntyre,Consumer,,Tasikmalaya,Jawa Barat,Indonesia,Southeastern Asia,Asia Pacific,FUR-BO-5787,Furniture,Bookcases,"Safco Library with Doors, Pine","$3,637.60 ",10,0.07,$156.40 
8009,MX-2014-AT1043582-41667,1/28/2014,1/30/2014,First Class,AT-1043582,Alyssa Tate,Home Office,,Guaymas,Sonora,Mexico,Central America,LATAM,OFF-AP-4736,Office Supplies,Appliances,"Hoover Refrigerator, Red","$2,455.88 ",7,0,$785.82 
30267,ID-2013-AB1001527-41439,6/14/2013,6/17/2013,First Class,AB-1001527,Aaron Bergman,Consumer,,Wuhan,Hubei,China,Eastern Asia,Asia Pacific,TEC-MA-6150,Technology,Machines,"StarTech Printer, Wireless","$1,024.68 ",8,0.5,($286.92)
40795,CA-2015-AB10060140-42314,11/6/2015,11/8/2015,First Class,AB-100601402,Adam Bellavance,Home Office,46142,Greenwood,Indiana,United States,Central US,USCA,OFF-FA-6129,Office Supplies,Fasteners,Staples,$167.94 ,3,0,$82.29 
31647,CA-2014-AB10060140-41884,9/2/2014,9/4/2014,First Class,AB-100601406,Adam Bellavance,Home Office,10009,New York City,New York,United States,Eastern US,USCA,OFF-PA-6430,Office Supplies,Paper,Xerox 1881,$24.56 ,2,0,$11.54 
2283,MX-2013-PV1898518-41614,12/6/2013,12/8/2013,First Class,PV-1898518,Paul Van Hugh,Home Office,,Salto,São Paulo,Brazil,South America,LATAM,TEC-AC-5223,Technology,Accessories,"Memorex Router, Bluetooth","$2,297.96 ",14,0,$988.12 
17765,IT-2014-SB2029064-41887,9/5/2014,9/7/2014,Second Class,SB-2029064,Sean Braxton,Corporate,,Treviso,Veneto,Italy,Southern Europe,Europe,TEC-CO-4590,Technology,Copiers,"Hewlett Wireless Fax, Color","$2,671.41 ",7,0,$534.24 
47783,SO-2015-SM10005116-42265,9/18/2015,9/20/2015,First Class,SM-10005116,Sally Matthias,Consumer,,Hargeysa,Woqooyi Galbeed,Somalia,Eastern Africa,Africa,TEC-PH-5839,Technology,Phones,"Samsung Smart Phone, Cordless","$3,834.00 ",6,0,$268.38 
31649,CA-2014-AB10060140-41884,9/2/2014,9/4/2014,First Class,AB-100601406,Adam Bellavance,Home Office,10009,New York City,New York,United States,Eastern US,USCA,OFF-PA-6430,Office Supplies,Paper,Xerox 1881,$49.12 ,4,0,$23.09 
23175,IN-2013-KH1633059-41489,8/3/2013,8/8/2013,Standard Class,KH-1633059,Katharine Harms,Corporate,,Yogyakarta,Yogyakarta,Indonesia,Southeastern Asia,Asia Pacific,OFF-AP-4960,Office Supplies,Appliances,"KitchenAid Refrigerator, Black","$3,501.74 ",8,0.17,$210.86 
27693,IN-2015-MP181757-42347,12/9/2015,12/11/2015,First Class,MP-181757,Mike Pelletier,Home Office,,Perth,Western Australia,Australia,Oceania,Asia Pacific,TEC-PH-3149,Technology,Phones,"Apple Smart Phone, with Caller ID","$1,725.46 ",3,0.1,$747.61 
22134,IN-2013-LH1702027-41572,10/25/2013,10/28/2013,First Class,LH-1702027,Lisa Hazard,Consumer,,Anshan,Liaoning,China,Eastern Asia,Asia Pacific,TEC-CO-3597,Technology,Copiers,"Brother Fax Machine, High-Speed","$1,583.70 ",5,0,$174.15 
36297,CA-2015-AB10060140-42132,5/8/2015,5/13/2015,Standard Class,AB-100601404,Adam Bellavance,Home Office,90004,Los Angeles,California,United States,Western US,USCA,TEC-AC-5109,Technology,Accessories,Logitech G600 MMO Gaming Mouse,$79.99 ,1,0,$28.80 
22488,ID-2014-CR126257-41878,8/27/2014,8/29/2014,Second Class,CR-126257,Corey Roper,Home Office,,Brisbane,Queensland,Australia,Oceania,Asia Pacific,FUR-BO-5763,Furniture,Bookcases,"Safco Classic Bookcase, Traditional","$2,760.35 ",7,0.1,($214.73)
25678,IN-2012-NC1862511-41041,5/12/2012,5/16/2012,Standard Class,NC-1862511,Noah Childs,Corporate,,Dhaka,Dhaka,Bangladesh,Southern Asia,Asia Pacific,TEC-AC-3403,Technology,Accessories,"Belkin Router, Erganomic","$3,078.72 ",12,0,$523.08 
15376,IT-2012-GM1468091-41215,11/2/2012,11/5/2012,First Class,GM-1468091,Greg Matthias,Consumer,,Amsterdam,North Holland,Netherlands,Western Europe,Europe,OFF-AP-4745,Office Supplies,Appliances,"Hoover Stove, White","$1,983.14 ",7,0.5,"($1,784.90)"
15162,ES-2015-RA1994545-42218,8/2/2015,8/3/2015,First Class,RA-1994545,Ryan Akin,Consumer,,Le Petit-Quevilly,Normandy,France,Western Europe,Europe,FUR-BO-3624,Furniture,Bookcases,"Bush Classic Bookcase, Metal","$1,112.78 ",3,0.1,$296.66 
18899,ES-2012-DB1306048-41171,9/19/2012,9/21/2012,Second Class,DB-1306048,Dave Brooks,Consumer,,Bochum,North Rhine-Westphalia,Germany,Western Europe,Europe,TEC-CO-4789,Technology,Copiers,"HP Wireless Fax, Color","$3,616.50 ",10,0,$36.00 
33660,US-2014-AB10060140-41712,3/14/2014,3/19/2014,Standard Class,AB-100601408,Adam Bellavance,Home Office,22980,Waynesboro,Virginia,United States,Southern US,USCA,FUR-FU-4762,Furniture,Furnishings,"Howard Miller 14-1/2"" Diameter Chrome Round Wall Clock",$127.88 ,2,0,$40.92 
24160,IN-2014-RF197357-41709,3/11/2014,3/15/2014,Standard Class,RF-197357,Roland Fjeld,Consumer,,Perth,Western Australia,Australia,Oceania,Asia Pacific,TEC-PH-5268,Technology,Phones,"Motorola Smart Phone, Full Size","$2,892.11 ",5,0.1,$160.61 
15812,ES-2013-JH1582048-41306,2/1/2013,2/4/2013,First Class,JH-1582048,John Huston,Consumer,,Hamburg,Hamburg,Germany,Western Europe,Europe,TEC-PH-3806,Technology,Phones,"Cisco Smart Phone, Full Size","$3,263.40 ",5,0,$848.40 
33662,US-2014-AB10060140-41712,3/14/2014,3/19/2014,Standard Class,AB-100601408,Adam Bellavance,Home Office,22980,Waynesboro,Virginia,United States,Southern US,USCA,OFF-BI-4819,Office Supplies,Binders,Ibico Covers for Plastic or Wire Binding Elements,$46.00 ,4,0,$20.70 
6449,MX-2015-DM1295551-42103,4/9/2015,4/13/2015,Standard Class,DM-1295551,Dario Medina,Corporate,,Mixco,Guatemala,Guatemala,Central America,LATAM,FUR-TA-5064,Furniture,Tables,"Lesro Round Table, Rectangular","$3,117.09 ",13,0.2,$38.95 
32472,CA-2014-AB10060140-41881,8/30/2014,9/4/2014,Standard Class,AB-100601406,Adam Bellavance,Home Office,3301,Concord,New Hampshire,United States,Eastern US,USCA,OFF-SU-2972,Office Supplies,Supplies,Acme Forged Steel Scissors with Black Enamel Handles,$27.93 ,3,0,$8.10 
4394,MX-2015-BE1133582-42082,3/19/2015,3/21/2015,First Class,BE-1133582,Bill Eplett,Home Office,,Morelia,Michoacán,Mexico,Central America,LATAM,OFF-AP-4745,Office Supplies,Appliances,"Hoover Stove, White","$1,888.70 ",5,0,$887.60 
22058,IN-2014-SO2033527-41914,10/2/2014,10/4/2014,First Class,SO-2033527,Sean O'Donnell,Consumer,,Changchun,Jilin,China,Eastern Asia,Asia Pacific,OFF-AP-4502,Office Supplies,Appliances,"Hamilton Beach Refrigerator, Red","$3,000.78 ",6,0,"$1,080.18 "
19833,ES-2014-DK12835120-41651,1/12/2014,1/15/2014,First Class,DK-12835120,Damala Kotsonis,Corporate,,Madrid,Madrid,Spain,Southern Europe,Europe,OFF-AP-4507,Office Supplies,Appliances,"Hamilton Beach Stove, Silver","$3,801.63 ",7,0,"$1,444.59 "
45807,SA-2015-LC7050110-42236,8/20/2015,8/25/2015,Standard Class,LC-7050110,Liz Carlisle,Consumer,,Jeddah,Makkah,Saudi Arabia,Western Asia,Asia Pacific,TEC-PH-3806,Technology,Phones,"Cisco Smart Phone, Full Size","$5,211.12 ",8,0,"$1,146.24 "
30187,IN-2012-PB19210127-41259,12/16/2012,12/19/2012,First Class,PB-19210127,Phillip Breyer,Corporate,,Taipei,Taipei City,Taiwan,Eastern Asia,Asia Pacific,FUR-TA-5065,Furniture,Tables,"Lesro Round Table, with Bottom Storage","$1,356.03 ",3,0,$311.85 
29484,IN-2015-CG125207-42077,3/14/2015,3/18/2015,Standard Class,CG-125207,Claire Gute,Consumer,,Adelaide,South Australia,Australia,Oceania,Asia Pacific,OFF-AP-4745,Office Supplies,Appliances,"Hoover Stove, White","$3,569.64 ",7,0.1,$674.16 
36347,CA-2013-AB10060140-41535,9/18/2013,9/24/2013,Standard Class,AB-100601404,Adam Bellavance,Home Office,98198,Des Moines,Washington,United States,Western US,USCA,OFF-PA-6420,Office Supplies,Paper,"Wirebound Message Books, Four 2 3/4"" x 5"" Forms per Page, 600 Sets per Book",$18.54 ,2,0,$8.71 
24015,ID-2015-HG1502559-42194,7/9/2015,7/13/2015,Standard Class,HG-1502559,Hunter Glantz,Consumer,,Medan,Sumatera Utara,Indonesia,Southeastern Asia,Asia Pacific,FUR-BO-5787,Furniture,Bookcases,"Safco Library with Doors, Pine","$2,910.08 ",8,0.07,$125.12 
20601,ID-2014-AD1018059-41801,6/11/2014,6/15/2014,Standard Class,AD-1018059,Alan Dominguez,Home Office,,Jakarta,Jakarta,Indonesia,Southeastern Asia,Asia Pacific,FUR-CH-4532,Furniture,Chairs,"Harbour Creations Executive Leather Armchair, Red","$3,126.40 ",9,0.27,($128.72)
12051,ES-2012-BP11155139-41130,8/9/2012,8/16/2012,Standard Class,BP-11155139,Becky Pak,Consumer,,London,England,United Kingdom,Northern Europe,Europe,TEC-PH-3805,Technology,Phones,"Cisco Smart Phone, Cordless","$5,276.99 ",9,0.1,"$1,758.89 "
25915,ID-2015-AA10480130-42080,3/17/2015,3/21/2015,Standard Class,AA-10480130,Andrew Allen,Consumer,,Bangkok,Bangkok,Thailand,Southeastern Asia,Asia Pacific,TEC-PH-5840,Technology,Phones,"Samsung Smart Phone, Full Size","$2,645.38 ",5,0.17,($0.02)
21639,ID-2014-RL196157-41641,1/2/2014,1/3/2014,First Class,RL-196157,Rob Lucas,Consumer,,Newcastle,New South Wales,Australia,Oceania,Asia Pacific,FUR-BO-3639,Furniture,Bookcases,"Bush Library with Doors, Metal","$1,637.01 ",5,0.1,($36.39)
31648,CA-2014-AB10060140-41884,9/2/2014,9/4/2014,First Class,AB-100601406,Adam Bellavance,Home Office,10009,New York City,New York,United States,Eastern US,USCA,OFF-BI-2911,Office Supplies,Binders,Acco Hanging Data Binders,$3.05 ,1,0.2,$1.07 
23229,ID-2013-SW2024559-41557,10/10/2013,10/11/2013,First Class,SW-2024559,Scot Wooten,Consumer,,Surakarta,Jawa Tengah,Indonesia,Southeastern Asia,Asia Pacific,TEC-PH-5840,Technology,Phones,"Samsung Smart Phone, Full Size","$2,645.38 ",5,0.17,($0.02)
31646,CA-2014-AB10060140-41884,9/2/2014,9/4/2014,First Class,AB-100601406,Adam Bellavance,Home Office,10009,New York City,New York,United States,Eastern US,USCA,TEC-AC-5744,Technology,Accessories,Sabrent 4-Port USB 2.0 Hub,$6.79 ,1,0,$2.31 
20674,IN-2012-BW1111027-41076,6/16/2012,6/18/2012,First Class,BW-1111027,Bart Watters,Corporate,,Beijing,Beijing,China,Eastern Asia,Asia Pacific,FUR-TA-3420,Furniture,Tables,"Bevis Conference Table, Fully Assembled","$3,238.31 ",5,0.3,($740.30)
11331,ES-2015-YC21895139-42097,4/3/2015,4/5/2015,First Class,YC-21895139,Yoseph Carroll,Corporate,,London,England,United Kingdom,Northern Europe,Europe,FUR-BO-3639,Furniture,Bookcases,"Bush Library with Doors, Metal","$2,291.81 ",7,0.1,$127.13 
58,MX-2012-JM1558082-41045,5/16/2012,5/19/2012,Second Class,JM-1558082,Jill Matthias,Consumer,,Tulancingo,Hidalgo,Mexico,Central America,LATAM,TEC-PH-5355,Technology,Phones,"Nokia Smart Phone, Full Size","$2,124.50 ",5,0,$488.60 
45091,BO-2015-MZ733513-42046,2/11/2015,2/15/2015,Second Class,MZ-733513,Maria Zettner,Home Office,,Brest,Brest,Belarus,Eastern Europe,Europe,FUR-CH-4654,Furniture,Chairs,"Hon Executive Leather Armchair, Adjustable","$2,757.78 ",6,0,$744.48 
18990,ES-2014-JF15295120-41924,10/12/2014,10/12/2014,Same Day,JF-15295120,Jason Fortune-,Consumer,,Valencia,Valenciana,Spain,Southern Europe,Europe,TEC-AC-4185,Technology,Accessories,"Enermax Router, Bluetooth","$1,549.98 ",6,0,$139.32 
34330,CA-2015-AB10060140-42264,9/17/2015,9/22/2015,Standard Class,AB-100601406,Adam Bellavance,Home Office,19143,Philadelphia,Pennsylvania,United States,Eastern US,USCA,OFF-PA-6596,Office Supplies,Paper,Xerox 231,$20.74 ,4,0.2,$7.26 
51130,UP-2015-DJ3510137-42202,7/17/2015,7/19/2015,Second Class,DJ-3510137,Don Jones,Corporate,,Zhytomyr,Zhytomyr,Ukraine,Eastern Europe,Europe,OFF-AP-4738,Office Supplies,Appliances,"Hoover Refrigerator, White","$3,146.40 ",6,0,$629.28 
14405,ES-2015-MF1825045-42330,11/22/2015,11/28/2015,Standard Class,MF-1825045,Monica Federle,Corporate,,Argenteuil,Ile-de-France,France,Western Europe,Europe,TEC-MA-4205,Technology,Machines,"Epson Printer, Durable","$2,456.62 ",11,0.15,$664.72 
10745,IT-2012-TC2129545-41058,5/29/2012,6/1/2012,First Class,TC-2129545,Toby Carlisle,Consumer,,Talence,Aquitaine-Limousin-Poitou-Charentes,France,Western Europe,Europe,FUR-TA-4642,Furniture,Tables,"Hon Computer Table, Adjustable Height","$2,228.64 ",7,0.35,($754.41)
40794,CA-2015-AB10060140-42314,11/6/2015,11/8/2015,First Class,AB-100601402,Adam Bellavance,Home Office,46142,Greenwood,Indiana,United States,Central US,USCA,OFF-PA-3114,Office Supplies,Paper,"Ampad Gold Fibre Wirebound Steno Books, 6"" x 9"", Gregg Ruled",$4.41 ,1,0,$2.03 
25850,IN-2015-CP1234058-42202,7/17/2015,7/20/2015,First Class,CP-1234058,Christine Phan,Corporate,,Aurangabad,Bihar,India,Southern Asia,Asia Pacific,OFF-AP-4502,Office Supplies,Appliances,"Hamilton Beach Refrigerator, Red","$4,001.04 ",8,0,"$1,440.24 "
16109,ES-2015-EH1412545-42245,8/29/2015,9/3/2015,Standard Class,EH-1412545,Eugene Hildebrand,Home Office,,Plaisir,Ile-de-France,France,Western Europe,Europe,TEC-PH-3148,Technology,Phones,"Apple Smart Phone, Full Size","$4,876.88 ",9,0.15,$745.88 
22515,IN-2013-NC183407-41634,12/26/2013,12/26/2013,Same Day,NC-183407,Nat Carroll,Consumer,,Melbourne,Victoria,Australia,Oceania,Asia Pacific,FUR-TA-5054,Furniture,Tables,"Lesro Computer Table, Adjustable Height","$1,788.82 ",6,0.3,$204.28 
29269,IN-2015-BF1100558-42319,11/11/2015,11/15/2015,Standard Class,BF-1100558,Barry Franz,Home Office,,Gorakhpur,Haryana,India,Southern Asia,Asia Pacific,OFF-AP-3577,Office Supplies,Appliances,"Breville Refrigerator, White","$3,622.29 ",7,0,"$1,267.77 "
29651,ID-2014-JS1603059-41760,5/1/2014,5/4/2014,Second Class,JS-1603059,Joy Smith,Consumer,,Medan,Sumatera Utara,Indonesia,Southeastern Asia,Asia Pacific,FUR-TA-5072,Furniture,Tables,"Lesro Wood Table, Fully Assembled","$1,242.59 ",5,0.47,($140.72)
10670,ES-2012-AM10360139-41136,8/15/2012,8/20/2012,Standard Class,AM-10360139,Alice McCarthy,Corporate,,Harrogate,England,United Kingdom,Northern Europe,Europe,TEC-PH-5354,Technology,Phones,"Nokia Smart Phone, Cordless","$4,453.05 ",7,0,"$1,424.85 "
24859,IN-2015-JF1519021-42341,12/3/2015,12/7/2015,Standard Class,JF-1519021,Jamie Frazer,Consumer,,Phnom Penh,Phnom Penh,Cambodia,Southeastern Asia,Asia Pacific,FUR-TA-4706,Furniture,Tables,"Hon Training Table, Fully Assembled","$2,673.36 ",8,0,"$1,069.20 "
24466,IN-2014-AB100157-41815,6/25/2014,6/29/2014,Standard Class,AB-100157,Aaron Bergman,Consumer,,Mackay,Queensland,Australia,Oceania,Asia Pacific,FUR-CH-4654,Furniture,Chairs,"Hon Executive Leather Armchair, Adjustable","$2,046.20 ",5,0.1,$591.05 
15359,ES-2014-JG15160139-41660,1/21/2014,1/24/2014,Second Class,JG-15160139,James Galang,Consumer,,Stockton-on-Tees,England,United Kingdom,Northern Europe,Europe,FUR-TA-3344,Furniture,Tables,"Barricks Conference Table, Fully Assembled","$5,451.30 ",6,0,"$2,071.44 "
39745,CA-2015-AH10075140-42301,10/24/2015,10/25/2015,First Class,AH-100751406,Adam Hart,Corporate,2920,Cranston,Rhode Island,United States,Eastern US,USCA,FUR-TA-5421,Furniture,Tables,"Office Impressions End Table, 20-1/2""H x 24""W x 20""D",$637.90 ,3,0.3,($127.58)
21670,IN-2015-AG1033059-42197,7/12/2015,7/14/2015,Second Class,AG-1033059,Alex Grayson,Consumer,,Jambi,Jambi,Indonesia,Southeastern Asia,Asia Pacific,OFF-AP-3574,Office Supplies,Appliances,"Breville Refrigerator, Black","$1,722.28 ",4,0.17,$539.44 
39744,CA-2015-AH10075140-42301,10/24/2015,10/25/2015,First Class,AH-100751406,Adam Hart,Corporate,2920,Cranston,Rhode Island,United States,Eastern US,USCA,FUR-FU-3936,Furniture,Furnishings,Deflect-o DuraMat Antistatic Studded Beveled Mat for Medium Pile Carpeting,$210.68 ,2,0,$50.56 
17548,ES-2015-NF1847548-42248,9/1/2015,9/1/2015,Same Day,NF-1847548,Neil Französisch,Home Office,,Moers,North Rhine-Westphalia,Germany,Western Europe,Europe,OFF-AP-3581,Office Supplies,Appliances,"Breville Stove, White","$1,007.42 ",2,0.1,$134.30 
39742,CA-2015-AH10075140-42301,10/24/2015,10/25/2015,First Class,AH-100751406,Adam Hart,Corporate,2920,Cranston,Rhode Island,United States,Eastern US,USCA,FUR-TA-4943,Furniture,Tables,KI Adjustable-Height Table,$240.74 ,4,0.3,($13.76)
20861,IN-2012-DR129407-41066,6/6/2012,6/10/2012,Second Class,DR-129407,Daniel Raglin,Home Office,,Townsville,Queensland,Australia,Oceania,Asia Pacific,OFF-AP-4966,Office Supplies,Appliances,"KitchenAid Stove, Silver","$4,624.29 ",9,0.1,"$1,644.03 "
17907,ES-2012-NB1865548-41194,10/12/2012,10/12/2012,Same Day,NB-1865548,Nona Balk,Corporate,,Hamburg,Hamburg,Germany,Western Europe,Europe,OFF-ST-6049,Office Supplies,Storage,"Smead Lockers, Wire Frame","$1,066.45 ",6,0.1,($11.93)
24361,IN-2014-NM1844527-41800,6/10/2014,6/10/2014,Same Day,NM-1844527,Nathan Mautz,Home Office,,Shenzhen,Guangdong,China,Eastern Asia,Asia Pacific,TEC-CO-5991,Technology,Copiers,"Sharp Copy Machine, High-Speed",$957.60 ,4,0,$0.00 
29968,IN-2015-TA213857-42351,12/13/2015,12/17/2015,Standard Class,TA-213857,Tom Ashbrook,Home Office,,Launceston,Tasmania,Australia,Oceania,Asia Pacific,OFF-AP-4508,Office Supplies,Appliances,"Hamilton Beach Stove, White","$4,864.32 ",10,0.1,$162.12 
32221,CA-2014-AH10075140-41898,9/16/2014,9/21/2014,Standard Class,AH-100751406,Adam Hart,Corporate,10011,New York City,New York,United States,Eastern US,USCA,OFF-BI-4338,Office Supplies,Binders,GBC DocuBind 300 Electric Binding Machine,$841.57 ,2,0.2,$294.55 
28875,ID-2015-SC20380102-42165,6/10/2015,6/11/2015,First Class,SC-20380102,Shahid Collister,Consumer,,Marikina,National Capital,Philippines,Southeastern Asia,Asia Pacific,OFF-AP-3580,Office Supplies,Appliances,"Breville Stove, Silver","$1,433.84 ",3,0.15,($84.37)
48781,SF-2012-PA9060117-40954,2/15/2012,2/16/2012,First Class,PA-9060117,Pete Armstrong,Home Office,,Johannesburg,Gauteng,South Africa,Southern Africa,Africa,OFF-ST-6047,Office Supplies,Storage,"Smead Lockers, Industrial","$2,784.60 ",14,0,$779.52 
15922,ES-2014-RB19570120-41971,11/28/2014,12/4/2014,Standard Class,RB-19570120,Rob Beeghly,Consumer,,Barakaldo,Basque Country,Spain,Southern Europe,Europe,FUR-BO-5760,Furniture,Bookcases,"Safco Classic Bookcase, Metal","$3,063.27 ",7,0,"$1,470.21 "
39983,CA-2014-AH10075140-41817,6/27/2014,6/27/2014,Same Day,AH-100751404,Adam Hart,Corporate,90036,Los Angeles,California,United States,Western US,USCA,OFF-SU-5635,Office Supplies,Supplies,Premier Electric Letter Opener,$231.72 ,2,0,$11.59 
33163,CA-2015-AH10075140-42110,4/16/2015,4/19/2015,First Class,AH-100751404,Adam Hart,Corporate,89015,Henderson,Nevada,United States,Western US,USCA,FUR-FU-4756,Furniture,Furnishings,"Howard Miller 12"" Round Wall Clock",$196.45 ,5,0,$70.72 
2641,US-2012-LH1675036-41129,8/8/2012,8/8/2012,Same Day,LH-1675036,Larry Hughes,Consumer,,Santo Domingo,Santo Domingo,Dominican Republic,Caribbean,LATAM,TEC-PH-5839,Technology,Phones,"Samsung Smart Phone, Cordless","$2,044.80 ",6,0.2,($332.28)
39711,CA-2014-AH10075140-41991,12/18/2014,12/22/2014,Standard Class,AH-100751402,Adam Hart,Corporate,76017,Arlington,Texas,United States,Central US,USCA,TEC-AC-6351,Technology,Accessories,WD My Passport Ultra 1TB Portable External Hard Drive,$165.60 ,3,0.2,($6.21)
26068,IN-2013-KB1658527-41488,8/2/2013,8/4/2013,First Class,KB-1658527,Ken Black,Corporate,,Qingdao,Shandong,China,Eastern Asia,Asia Pacific,TEC-CO-3608,Technology,Copiers,"Brother Wireless Fax, Color","$1,521.00 ",4,0,$0.00 
10306,ES-2013-LH1715545-41444,6/19/2013,6/19/2013,Same Day,LH-1715545,Logan Haushalter,Consumer,,Le Bouscat,Aquitaine-Limousin-Poitou-Charentes,France,Western Europe,Europe,OFF-AP-4507,Office Supplies,Appliances,"Hamilton Beach Stove, Silver","$2,443.91 ",5,0.1,$760.31 
41716,CA-2015-AH1007523-42101,4/7/2015,4/12/2015,Standard Class,AH-1007523,Adam Hart,Corporate,,Oakville,Ontario,Canada,Canada,USCA,OFF-ST-4257,Office Supplies,Storage,"Fellowes File Cart, Blue",$137.31 ,1,0,$54.90 
44140,IR-2014-MZ751560-41853,8/2/2014,8/2/2014,Same Day,MZ-751560,Mary Zewe,Corporate,,Shiraz,Fars,Iran,Southern Asia,Asia Pacific,TEC-MA-4210,Technology,Machines,"Epson Receipt Printer, Red","$1,141.80 ",10,0,$570.90 
29226,IN-2015-DM1334558-42146,5/22/2015,5/25/2015,Second Class,DM-1334558,Denise Monton,Corporate,,Bokaro,Jharkhand,India,Southern Asia,Asia Pacific,OFF-ST-4266,Office Supplies,Storage,"Fellowes Lockers, Blue","$1,865.97 ",9,0,$802.17 
27720,ID-2012-CA1196566-40949,2/10/2012,2/15/2012,Standard Class,CA-1196566,Carol Adams,Corporate,,Fuji,Shizuoka,Japan,Eastern Asia,Asia Pacific,TEC-PH-5841,Technology,Phones,"Samsung Smart Phone, VoIP","$6,998.64 ",11,0,"$2,939.31 "
11073,ES-2014-SC20305120-41909,9/27/2014,9/27/2014,Same Day,SC-20305120,Sean Christensen,Consumer,,Benidorm,Valenciana,Spain,Southern Europe,Europe,FUR-BO-3903,Furniture,Bookcases,"Dania Library with Doors, Pine","$1,091.25 ",3,0,$119.97 
24030,IN-2015-MH1811558-42157,6/2/2015,6/4/2015,First Class,MH-1811558,Mick Hernandez,Home Office,,Kozhikode,Kerala,India,Southern Asia,Asia Pacific,FUR-BO-4862,Furniture,Bookcases,"Ikea Library with Doors, Pine","$1,094.22 ",3,0,$328.23 
30202,IN-2014-KS163007-41912,9/30/2014,10/3/2014,First Class,KS-163007,Karen Seio,Corporate,,Adelaide,South Australia,Australia,Oceania,Asia Pacific,FUR-BO-3640,Furniture,Bookcases,"Bush Library with Doors, Mobile","$1,320.62 ",4,0.1,$484.22 
27230,IN-2012-BG1174078-41108,7/18/2012,7/19/2012,First Class,BG-1174078,Bruce Geld,Consumer,,Kuala Lumpur,Kuala Lumpur,Malaysia,Southeastern Asia,Asia Pacific,TEC-PH-5356,Technology,Phones,"Nokia Smart Phone, with Caller ID","$2,555.64 ",4,0,$664.44 
51284,RS-2015-CR2625108-42230,8/14/2015,8/16/2015,Second Class,CR-2625108,Corey Roper,Home Office,,Astrakhan',Astrakhan',Russia,Eastern Europe,Europe,FUR-BO-5950,Furniture,Bookcases,"Sauder Classic Bookcase, Pine","$3,498.72 ",8,0,$594.72 
39743,CA-2015-AH10075140-42301,10/24/2015,10/25/2015,First Class,AH-100751406,Adam Hart,Corporate,2920,Cranston,Rhode Island,United States,Eastern US,USCA,FUR-FU-4022,Furniture,Furnishings,"Eldon 400 Class Desk Accessories, Black Carbon",$35.00 ,4,0,$14.70 
28198,IN-2015-DK1309027-42308,10/31/2015,11/3/2015,First Class,DK-1309027,Dave Kipp,Consumer,,Xiangtan,Hunan,China,Eastern Asia,Asia Pacific,TEC-CO-3611,Technology,Copiers,"Brother Wireless Fax, Laser","$2,272.86 ",6,0,$977.22 
26028,IN-2014-JL1583527-41845,7/25/2014,7/30/2014,Standard Class,JL-1583527,John Lee,Consumer,,Shaoxing,Zhejiang,China,Eastern Asia,Asia Pacific,TEC-PH-3806,Technology,Phones,"Cisco Smart Phone, Full Size","$5,211.12 ",8,0,$833.76 
26325,IN-2015-AP1072058-42284,10/7/2015,10/11/2015,Standard Class,AP-1072058,Anne Pryor,Home Office,,Jabalpur,Madhya Pradesh,India,Southern Asia,Asia Pacific,TEC-PH-5269,Technology,Phones,"Motorola Smart Phone, with Caller ID","$2,582.16 ",4,0,$361.44 
21924,IN-2015-CR1282058-42294,10/17/2015,10/21/2015,Standard Class,CR-1282058,Cyra Reiten,Home Office,,Patna,Bihar,India,Southern Asia,Asia Pacific,TEC-PH-5356,Technology,Phones,"Nokia Smart Phone, with Caller ID","$3,194.55 ",5,0,$830.55 
30113,IN-2014-BF110807-41976,12/3/2014,12/6/2014,Second Class,BF-110807,Bart Folk,Consumer,,Adelaide,South Australia,Australia,Oceania,Asia Pacific,FUR-CH-4531,Furniture,Chairs,"Harbour Creations Executive Leather Armchair, Black","$1,705.00 ",4,0.1,$378.88 
30105,IN-2015-JM15265102-42316,11/8/2015,11/10/2015,First Class,JM-15265102,Janet Molinari,Corporate,,Marikina,National Capital,Philippines,Southeastern Asia,Asia Pacific,OFF-AP-3571,Office Supplies,Appliances,"Breville Microwave, Red","$1,538.72 ",6,0.15,$325.70 
24363,IN-2014-NM1844527-41800,6/10/2014,6/10/2014,Same Day,NM-1844527,Nathan Mautz,Home Office,,Shenzhen,Guangdong,China,Eastern Asia,Asia Pacific,FUR-CH-5378,Furniture,Chairs,"Novimex Executive Leather Armchair, Adjustable","$1,381.32 ",3,0,$593.91 
19902,IT-2012-TW2102545-41172,9/20/2012,9/22/2012,Second Class,TW-2102545,Tamara Willingham,Home Office,,La Baule-Escoublac,Pays de la Loire,France,Western Europe,Europe,FUR-BO-5760,Furniture,Bookcases,"Safco Classic Bookcase, Metal","$1,181.55 ",3,0.1,$498.81 
13998,IT-2012-RB1933045-41080,6/20/2012,6/23/2012,First Class,RB-1933045,Randy Bradley,Consumer,,Dijon,Bourgogne-Franche-Comté,France,Western Europe,Europe,FUR-CH-4530,Furniture,Chairs,"Harbour Creations Executive Leather Armchair, Adjustable","$1,696.25 ",4,0.1,$734.93 
38383,CA-2015-AH10075140-42273,9/26/2015,9/29/2015,First Class,AH-100751406,Adam Hart,Corporate,19013,Chester,Pennsylvania,United States,Eastern US,USCA,OFF-SU-3839,Office Supplies,Supplies,Compact Automatic Electric Letter Opener,$190.90 ,2,0.2,($42.95)
37340,CA-2015-AH10075140-42144,5/20/2015,5/25/2015,Second Class,AH-100751408,Adam Hart,Corporate,37918,Knoxville,Tennessee,United States,Southern US,USCA,FUR-CH-5429,Furniture,Chairs,Office Star - Mesh Screen back chair with Vinyl seat,$314.35 ,3,0.2,($35.36)
47087,SF-2015-AB10060117-42334,11/26/2015,11/29/2015,Second Class,AB-10060117,Adam Bellavance,Home Office,,Cape Town,Western Cape,South Africa,Southern Africa,Africa,OFF-AP-4732,Office Supplies,Appliances,"Hoover Microwave, Silver","$1,237.56 ",4,0,$606.36 
49833,EG-2013-JR567038-41363,3/30/2013,4/1/2013,First Class,JR-567038,Jim Radford,Consumer,,Cairo,Al Qahirah,Egypt,North Africa,Africa,TEC-PH-5355,Technology,Phones,"Nokia Smart Phone, Full Size","$1,274.70 ",2,0,$140.16 
2080,MX-2012-MD1735028-41222,11/9/2012,11/14/2012,Second Class,MD-1735028,Maribeth Dona,Consumer,,Medellín,Antioquia,Colombia,South America,LATAM,OFF-AP-4962,Office Supplies,Appliances,"KitchenAid Refrigerator, Silver","$3,172.14 ",9,0,$856.44 
39746,CA-2015-AH10075140-42301,10/24/2015,10/25/2015,First Class,AH-100751406,Adam Hart,Corporate,2920,Cranston,Rhode Island,United States,Eastern US,USCA,OFF-PA-6415,Office Supplies,Paper,"Wirebound Message Book, 4 per Page",$43.44 ,8,0,$21.29 
10303,ES-2013-EB13840139-41487,8/1/2013,8/6/2013,Second Class,EB-13840139,Ellis Ballard,Corporate,,West Bromwich,England,United Kingdom,Northern Europe,Europe,OFF-AP-4743,Office Supplies,Appliances,"Hoover Stove, Red","$3,979.29 ",7,0,"$1,989.54 "
39710,CA-2014-AH10075140-41991,12/18/2014,12/22/2014,Standard Class,AH-100751402,Adam Hart,Corporate,76017,Arlington,Texas,United States,Central US,USCA,OFF-PA-6577,Office Supplies,Paper,Xerox 214,$51.84 ,10,0.2,$18.14 
39984,CA-2014-AH10075140-41817,6/27/2014,6/27/2014,Same Day,AH-100751404,Adam Hart,Corporate,90036,Los Angeles,California,United States,Western US,USCA,OFF-FA-5459,Office Supplies,Fasteners,OIC Binder Clips,$17.90 ,5,0,$8.95 
39985,CA-2014-AH10075140-41817,6/27/2014,6/27/2014,Same Day,AH-100751404,Adam Hart,Corporate,90036,Los Angeles,California,United States,Western US,USCA,OFF-PA-3115,Office Supplies,Paper,"Ampad Phone Message Book, Recycled, 400 Message Capacity, 5 ¾” x 11”",$12.48 ,2,0,$5.62 
41838,AJ-2014-JL58359-41662,1/23/2014,1/27/2014,Standard Class,JL-58359,John Lee,Consumer,,Baku,Baki,Azerbaijan,Western Asia,Asia Pacific,FUR-TA-3358,Furniture,Tables,"Barricks Wood Table, Rectangular","$2,058.00 ",4,0,$946.68 
28110,IN-2012-EP1391559-41049,5/20/2012,5/24/2012,Second Class,EP-1391559,Emily Phan,Consumer,,Jakarta,Jakarta,Indonesia,Southeastern Asia,Asia Pacific,FUR-BO-5967,Furniture,Bookcases,"Sauder Library with Doors, Mobile","$2,539.88 ",7,0.07,$709.94 
12449,ES-2015-MS17770139-42275,9/28/2015,10/1/2015,First Class,MS-17770139,Maxwell Schwartz,Consumer,,Burnley,England,United Kingdom,Northern Europe,Europe,FUR-BO-3626,Furniture,Bookcases,"Bush Classic Bookcase, Pine","$2,898.21 ",7,0,"$1,420.02 "
17848,IT-2012-CM1265545-41218,11/5/2012,11/7/2012,First Class,CM-1265545,Corinna Mitchell,Home Office,,Laval,Pays de la Loire,France,Western Europe,Europe,TEC-MA-5007,Technology,Machines,"Konica Inkjet, White","$1,320.01 ",5,0.15,$357.16 
46219,LH-2015-JC610575-42032,1/28/2015,1/30/2015,Second Class,JC-610575,Julie Creighton,Corporate,,Vilnius,Vilnius,Lithuania,Northern Europe,Europe,FUR-TA-3345,Furniture,Tables,"Barricks Conference Table, Rectangular","$2,171.16 ",8,0.7,"($2,750.28)"
26932,IN-2015-GB145307-42260,9/13/2015,9/19/2015,Standard Class,GB-145307,George Bell,Corporate,,Brisbane,Queensland,Australia,Oceania,Asia Pacific,TEC-CO-4593,Technology,Copiers,"Hewlett Wireless Fax, Laser","$4,448.22 ",13,0.1,$444.48 
32866,CA-2015-AH10075140-42335,11/27/2015,12/1/2015,Standard Class,AH-100751408,Adam Hart,Corporate,30318,Atlanta,Georgia,United States,Southern US,USCA,OFF-AR-5327,Office Supplies,Art,Newell 347,$12.84 ,3,0,$3.72 
4817,US-2012-JH161805-41264,12/21/2012,12/23/2012,First Class,JH-161805,Justin Hirsh,Consumer,,Buenos Aires,Buenos Aires,Argentina,South America,LATAM,TEC-PH-3149,Technology,Phones,"Apple Smart Phone, with Caller ID","$2,300.62 ",9,0.4,$38.20 
50593,EG-2014-MT807038-41675,2/5/2014,2/7/2014,Second Class,MT-807038,Michelle Tran,Home Office,,Girga,Suhaj,Egypt,North Africa,Africa,FUR-BO-5951,Furniture,Bookcases,"Sauder Classic Bookcase, Traditional","$2,615.94 ",6,0,"$1,072.44 "
25445,IN-2012-AB1010558-41270,12/27/2012,12/28/2012,First Class,AB-1010558,Adrian Barton,Consumer,,Kochi,Kerala,India,Southern Asia,Asia Pacific,TEC-CO-6010,Technology,Copiers,"Sharp Wireless Fax, Digital","$1,066.68 ",3,0,$394.65 
39747,CA-2015-AH10075140-42301,10/24/2015,10/25/2015,First Class,AH-100751406,Adam Hart,Corporate,2920,Cranston,Rhode Island,United States,Eastern US,USCA,OFF-AP-4739,Office Supplies,Appliances,Hoover Replacement Belt for Commercial Guardsman Heavy-Duty Upright Vacuum,$2.22 ,1,0,$0.67 
50000,LT-2012-CV280572-41025,4/26/2012,4/29/2012,First Class,CV-280572,Cynthia Voltz,Corporate,,Maseru,Maseru,Lesotho,Southern Africa,Africa,TEC-PH-5354,Technology,Phones,"Nokia Smart Phone, Cordless","$2,544.60 ",4,0,$814.20 
30934,IN-2012-NH1861092-41187,10/5/2012,10/10/2012,Standard Class,NH-1861092,Nicole Hansen,Corporate,,Wellington,Wellington,New Zealand,Oceania,Asia Pacific,FUR-TA-4645,Furniture,Tables,"Hon Conference Table, Adjustable Height","$3,694.68 ",4,0,$886.68 
21667,ID-2014-HJ1487527-41875,8/24/2014,8/26/2014,Second Class,HJ-1487527,Heather Jas,Home Office,,Luoyang,Henan,China,Eastern Asia,Asia Pacific,FUR-TA-5065,Furniture,Tables,"Lesro Round Table, with Bottom Storage","$2,214.85 ",7,0.3,($221.57)
8870,MX-2014-JL1517518-41903,9/21/2014,9/24/2014,Second Class,JL-1517518,James Lanier,Home Office,,Feira de Santana,Bahia,Brazil,South America,LATAM,FUR-CH-5776,Furniture,Chairs,"SAFCO Executive Leather Armchair, Set of Two","$1,236.48 ",4,0,$111.28 
1899,MX-2015-MY1829593-42355,12/17/2015,12/19/2015,First Class,MY-1829593,Muhammed Yedwab,Corporate,,Matagalpa,Matagalpa,Nicaragua,Central America,LATAM,OFF-AP-4505,Office Supplies,Appliances,"Hamilton Beach Stove, Black","$1,805.90 ",5,0,$126.40 
36279,CA-2012-AH10075140-41228,11/15/2012,11/21/2012,Standard Class,AH-100751404,Adam Hart,Corporate,92646,Huntington Beach,California,United States,Western US,USCA,OFF-LA-5591,Office Supplies,Labels,Permanent Self-Adhesive File Folder Labels for Typewriters by Universal,$5.22 ,2,0,$2.40 
39051,CA-2013-AH10075140-41629,12/21/2013,12/23/2013,Second Class,AH-100751406,Adam Hart,Corporate,43229,Columbus,Ohio,United States,Eastern US,USCA,OFF-AR-5458,Office Supplies,Art,"OIC #2 Pencils, Medium Soft",$3.01 ,2,0.2,$0.34 
38382,CA-2015-AH10075140-42273,9/26/2015,9/29/2015,First Class,AH-100751406,Adam Hart,Corporate,19013,Chester,Pennsylvania,United States,Eastern US,USCA,OFF-BI-3301,Office Supplies,Binders,Avery Metallic Poly Binders,$8.60 ,5,0.7,($6.30)
9857,MX-2015-KC1654093-42158,6/3/2015,6/7/2015,Standard Class,KC-1654093,Kelly Collister,Consumer,,Managua,Managua,Nicaragua,Central America,LATAM,OFF-AP-4507,Office Supplies,Appliances,"Hamilton Beach Stove, Silver","$1,810.30 ",5,0,$54.30 
2398,MX-2015-CS1246093-42259,9/12/2015,9/14/2015,First Class,CS-1246093,Chuck Sachs,Consumer,,Managua,Managua,Nicaragua,Central America,LATAM,TEC-PH-5354,Technology,Phones,"Nokia Smart Phone, Cordless","$2,120.50 ",5,0,$106.00 
20610,IN-2015-HA1492027-42111,4/17/2015,4/17/2015,Same Day,HA-1492027,Helen Andreada,Consumer,,Wuhai,Inner Mongolia,China,Eastern Asia,Asia Pacific,TEC-PH-3148,Technology,Phones,"Apple Smart Phone, Full Size","$1,275.00 ",2,0,$140.22 
19446,ES-2013-MT1781545-41599,11/21/2013,11/24/2013,Second Class,MT-1781545,Meg Tillman,Consumer,,Nantes,Pays de la Loire,France,Western Europe,Europe,TEC-MA-5017,Technology,Machines,"Konica Printer, Wireless","$1,593.65 ",7,0.15,($225.16)
11606,ES-2015-FW1439545-42069,3/6/2015,3/8/2015,First Class,FW-1439545,Fred Wasserman,Corporate,,Strasbourg,Alsace-Champagne-Ardenne-Lorraine,France,Western Europe,Europe,FUR-BO-3627,Furniture,Bookcases,"Bush Classic Bookcase, Traditional","$1,114.24 ",3,0.1,$383.71 
16161,ES-2013-BH1171048-41478,7/23/2013,7/28/2013,Standard Class,BH-1171048,Brosina Hoffman,Consumer,,Berlin,Berlin,Germany,Western Europe,Europe,TEC-PH-3807,Technology,Phones,"Cisco Smart Phone, with Caller ID","$2,944.08 ",5,0.1,"$1,112.13 "
25761,ID-2015-DK1289559-42315,11/7/2015,11/9/2015,First Class,DK-1289559,Dana Kaydos,Consumer,,Surabaya,Jawa Timur,Indonesia,Southeastern Asia,Asia Pacific,OFF-AP-4964,Office Supplies,Appliances,"KitchenAid Stove, Black","$3,309.26 ",7,0.17,$318.86 
6594,MX-2015-KD1627018-42330,11/22/2015,11/24/2015,First Class,KD-1627018,Karen Daniels,Consumer,,Tupã,São Paulo,Brazil,South America,LATAM,FUR-CH-4544,Furniture,Chairs,"Harbour Creations Rocking Chair, Adjustable",$897.48 ,9,0,$322.92 
17380,ES-2012-SC208458-41070,6/10/2012,6/13/2012,First Class,SC-208458,Sung Chung,Consumer,,Vienna,Vienna,Austria,Western Europe,Europe,FUR-BO-4848,Furniture,Bookcases,"Ikea Classic Bookcase, Metal","$2,056.05 ",5,0,$390.60 
3503,MX-2013-CY1274582-41531,9/14/2013,9/19/2013,Standard Class,CY-1274582,Craig Yedwab,Corporate,,Mexico City,Distrito Federal,Mexico,Central America,LATAM,TEC-CO-6010,Technology,Copiers,"Sharp Wireless Fax, Digital","$2,365.66 ",10,0.002,$18.86 
23537,IN-2012-HL150407-41237,11/24/2012,11/24/2012,Same Day,HL-150407,Hunter Lopez,Consumer,,Hobart,Tasmania,Australia,Oceania,Asia Pacific,TEC-CO-3596,Technology,Copiers,"Brother Fax Machine, Digital","$1,336.36 ",7,0.4,$44.44 
26037,IN-2013-CT1199566-41496,8/10/2013,8/12/2013,First Class,CT-1199566,Carol Triggs,Consumer,,Hirakata,Osaka,Japan,Eastern Asia,Asia Pacific,TEC-CO-4591,Technology,Copiers,"Hewlett Wireless Fax, Digital","$3,038.64 ",8,0,"$1,245.84 "
20266,ES-2014-CC12370139-41718,3/20/2014,3/23/2014,Second Class,CC-12370139,Christopher Conant,Consumer,,Preston,England,United Kingdom,Northern Europe,Europe,OFF-AP-3573,Office Supplies,Appliances,"Breville Microwave, White","$2,698.65 ",9,0,$890.46 
42956,LT-2014-GR456072-42003,12/30/2014,1/4/2015,Standard Class,GR-456072,Georgia Rosenberg,Corporate,,Maseru,Maseru,Lesotho,Southern Africa,Africa,TEC-CO-3688,Technology,Copiers,"Canon Fax Machine, High-Speed","$3,799.08 ",12,0,$455.76 
21995,IN-2013-TT2107058-41551,10/4/2013,10/9/2013,Standard Class,TT-2107058,Ted Trevino,Consumer,,Agra,Uttar Pradesh,India,Southern Asia,Asia Pacific,FUR-CH-4656,Furniture,Chairs,"Hon Executive Leather Armchair, Red","$2,756.34 ",6,0,$413.28 
15570,IT-2013-PO19195120-41492,8/6/2013,8/7/2013,First Class,PO-19195120,Phillina Ober,Home Office,,Granollers,Catalonia,Spain,Southern Europe,Europe,TEC-PH-3146,Technology,Phones,"Apple Signal Booster, with Caller ID",$983.88 ,8,0.1,($11.16)
25831,IN-2013-ED13885144-41549,10/2/2013,10/2/2013,Same Day,ED-13885144,Emily Ducich,Home Office,,Ho Chi Minh City,Ho Chí Minh City,Vietnam,Southeastern Asia,Asia Pacific,FUR-CH-4530,Furniture,Chairs,"Harbour Creations Executive Leather Armchair, Adjustable","$1,719.81 ",5,0.27,$117.66 
29383,IN-2015-AP1091559-42089,3/26/2015,3/29/2015,First Class,AP-1091559,Arthur Prichep,Consumer,,Jakarta,Jakarta,Indonesia,Southeastern Asia,Asia Pacific,OFF-AP-4966,Office Supplies,Appliances,"KitchenAid Stove, Silver","$1,421.54 ",3,0.17,$428.12 
879,MX-2015-TM2149031-42329,11/21/2015,11/21/2015,Same Day,TM-2149031,Tony Molinari,Consumer,,Camagüey,Camagüey,Cuba,Caribbean,LATAM,TEC-CO-3597,Technology,Copiers,"Brother Fax Machine, High-Speed","$1,053.69 ",5,0.002,$441.29 
16997,IT-2012-AW1084091-41242,11/29/2012,11/30/2012,First Class,AW-1084091,Anthony Witt,Consumer,,Amsterdam,North Holland,Netherlands,Western Europe,Europe,TEC-CO-4792,Technology,Copiers,"HP Wireless Fax, Laser","$1,440.84 ",8,0.5,"($1,268.04)"
21287,IN-2012-DP131057-41215,11/2/2012,11/4/2012,Second Class,DP-131057,Dave Poirier,Corporate,,Gold Coast,Queensland,Australia,Oceania,Asia Pacific,FUR-CH-4530,Furniture,Chairs,"Harbour Creations Executive Leather Armchair, Adjustable","$2,544.37 ",6,0.1,$621.79 
37341,CA-2015-AH10075140-42144,5/20/2015,5/25/2015,Second Class,AH-100751408,Adam Hart,Corporate,37918,Knoxville,Tennessee,United States,Southern US,USCA,OFF-PA-6504,Office Supplies,Paper,Xerox 1949,$27.89 ,7,0.2,$10.11 
47029,RO-2013-SG10605107-41614,12/6/2013,12/6/2013,Same Day,SG-10605107,Speros Goranitis,Consumer,,Piatra-Neamt,Neamt,Romania,Eastern Europe,Europe,TEC-CO-4571,Technology,Copiers,"Hewlett Fax and Copier, Color","$1,554.48 ",8,0,$341.76 
8378,MX-2014-BM1178582-41976,12/3/2014,12/4/2014,First Class,BM-1178582,Bryan Mills,Consumer,,Milpa Alta,Distrito Federal,Mexico,Central America,LATAM,TEC-PH-5839,Technology,Phones,"Samsung Smart Phone, Cordless","$1,278.00 ",3,0,$89.46 
2496,MX-2013-FH1436582-41628,12/20/2013,12/24/2013,Standard Class,FH-1436582,Fred Hopkins,Corporate,,Mexico City,Distrito Federal,Mexico,Central America,LATAM,TEC-PH-3806,Technology,Phones,"Cisco Smart Phone, Full Size","$3,474.08 ",8,0,$625.28 
990,MX-2013-DK1337582-41530,9/13/2013,9/15/2013,Second Class,DK-1337582,Dennis Kane,Consumer,,León,Guanajuato,Mexico,Central America,LATAM,TEC-PH-3148,Technology,Phones,"Apple Smart Phone, Full Size","$2,550.00 ",6,0,$357.00 
34756,CA-2015-AS10090140-42264,9/17/2015,9/19/2015,First Class,AS-100901406,Adam Shillingsburg,Consumer,19143,Philadelphia,Pennsylvania,United States,Eastern US,USCA,OFF-BI-4343,Office Supplies,Binders,GBC DocuBind TL300 Electric Binding System,$538.19 ,2,0.7,($412.62)
40955,CA-2012-AS10090140-41173,9/21/2012,9/28/2012,Standard Class,AS-100901406,Adam Shillingsburg,Consumer,10035,New York City,New York,United States,Eastern US,USCA,FUR-CH-5430,Furniture,Chairs,Office Star - Mid Back Dual function Ergonomic High Back Chair with 2-Way Adjustable Arms,$579.53 ,4,0.1,$83.71 
33285,CA-2013-AS10090140-41587,11/9/2013,11/13/2013,Standard Class,AS-100901402,Adam Shillingsburg,Consumer,65807,Springfield,Missouri,United States,Central US,USCA,FUR-TA-3427,Furniture,Tables,Bevis Round Conference Table Top & Single Column Base,"$1,024.38 ",7,0,$215.12 
43395,TU-2013-SF10200134-41417,5/23/2013,5/26/2013,First Class,SF-10200134,Sarah Foster,Consumer,,Izmir,Izmir,Turkey,Western Asia,Asia Pacific,TEC-PH-5815,Technology,Phones,"Samsung Audio Dock, with Caller ID",$934.25 ,14,0.6,"($1,331.65)"
36524,CA-2014-AS10090140-41812,6/22/2014,6/27/2014,Standard Class,AS-100901406,Adam Shillingsburg,Consumer,10011,New York City,New York,United States,Eastern US,USCA,FUR-BO-5529,Furniture,Bookcases,O'Sullivan Living Dimensions 5-Shelf Bookcases,$353.57 ,2,0.2,($44.20)
46991,SG-2015-JW5220111-42108,4/14/2015,4/17/2015,Second Class,JW-5220111,Jane Waco,Corporate,,Dakar,Dakar,Senegal,Western Africa,Africa,TEC-PH-3805,Technology,Phones,"Cisco Smart Phone, Cordless","$3,908.88 ",6,0,"$1,563.48 "
9711,MX-2015-CC1210082-42245,8/29/2015,9/2/2015,Standard Class,CC-1210082,Chad Cunningham,Home Office,,Coyoacán,Distrito Federal,Mexico,Central America,LATAM,TEC-PH-5268,Technology,Phones,"Motorola Smart Phone, Full Size","$2,142.30 ",5,0,$556.90 
31138,ID-2015-RD1993092-42140,5/16/2015,5/18/2015,Second Class,RD-1993092,Russell D'Ascenzo,Consumer,,Manukau City,Auckland,New Zealand,Oceania,Asia Pacific,OFF-AP-4961,Office Supplies,Appliances,"KitchenAid Refrigerator, Red","$1,900.58 ",6,0.4,($348.52)
46655,CM-2013-BP123022-41621,12/13/2013,12/15/2013,First Class,BP-123022,Benjamin Patterson,Consumer,,Yaounde,Centre,Cameroon,Central Africa,Africa,OFF-AP-4733,Office Supplies,Appliances,"Hoover Microwave, White","$1,840.68 ",6,0,$496.98 
10365,ES-2012-SA20830139-40998,3/30/2012,4/3/2012,Standard Class,SA-20830139,Sue Ann Reed,Consumer,,Newcastle upon Tyne,England,United Kingdom,Northern Europe,Europe,FUR-BO-5950,Furniture,Bookcases,"Sauder Classic Bookcase, Pine","$2,624.04 ",6,0,$446.04 
21500,IN-2013-EM1381058-41308,2/3/2013,2/7/2013,Second Class,EM-1381058,Eleni McCrary,Corporate,,Dehra Dun,Uttarakhand,India,Southern Asia,Asia Pacific,FUR-BO-5762,Furniture,Bookcases,"Safco Classic Bookcase, Pine","$3,076.50 ",7,0,$215.25 
28108,IN-2014-CS12175130-41788,5/29/2014,6/1/2014,Second Class,CS-12175130,Charles Sheldon,Corporate,,Bangkok,Bangkok,Thailand,Southeastern Asia,Asia Pacific,TEC-PH-5356,Technology,Phones,"Nokia Smart Phone, with Caller ID","$3,181.77 ",6,0.17,$344.97 
16456,IT-2013-JD16060120-41515,8/29/2013,9/1/2013,First Class,JD-16060120,Julia Dunbar,Consumer,,Santander,Cantabria,Spain,Southern Europe,Europe,OFF-ST-5691,Office Supplies,Storage,"Rogers File Cart, Blue","$1,392.63 ",11,0.1,($139.56)
23791,IN-2012-GH1466527-41074,6/14/2012,6/16/2012,First Class,GH-1466527,Greg Hansen,Consumer,,Cangzhou,Hebei,China,Eastern Asia,Asia Pacific,FUR-CH-5412,Furniture,Chairs,"Novimex Swivel Stool, Black","$1,296.24 ",8,0,$285.12 
28128,IN-2015-CM1193527-42244,8/28/2015,8/31/2015,First Class,CM-1193527,Carlos Meador,Consumer,,Shanghai,Shanghai,China,Eastern Asia,Asia Pacific,OFF-AP-3578,Office Supplies,Appliances,"Breville Stove, Black","$1,682.91 ",3,0,$487.98 
4585,MX-2012-JB1600093-41208,10/26/2012,10/27/2012,First Class,JB-1600093,Joy Bell-,Consumer,,León,León,Nicaragua,Central America,LATAM,TEC-PH-5839,Technology,Phones,"Samsung Smart Phone, Cordless","$1,278.00 ",3,0,$89.46 
41299,RS-2015-RB9465108-42082,3/19/2015,3/23/2015,Second Class,RB-9465108,Rick Bensley,Home Office,,Rybinsk,Yaroslavl',Russia,Eastern Europe,Europe,TEC-PH-5268,Technology,Phones,"Motorola Smart Phone, Full Size","$2,570.76 ",4,0,$976.80 
8753,MX-2015-RB1979518-42258,9/11/2015,9/18/2015,Standard Class,RB-1979518,Ross Baird,Home Office,,Ibiúna,São Paulo,Brazil,South America,LATAM,FUR-TA-3763,Furniture,Tables,"Chromcraft Conference Table, Adjustable Height","$2,332.96 ",5,0.2,$349.86 
31293,ID-2013-PO191957-41514,8/28/2013,8/28/2013,Same Day,PO-191957,Phillina Ober,Home Office,,Gold Coast,Queensland,Australia,Oceania,Asia Pacific,FUR-BO-5762,Furniture,Bookcases,"Safco Classic Bookcase, Pine","$1,582.20 ",6,0.4,($870.30)
34753,CA-2015-AS10090140-42264,9/17/2015,9/19/2015,First Class,AS-100901406,Adam Shillingsburg,Consumer,19143,Philadelphia,Pennsylvania,United States,Eastern US,USCA,TEC-AC-5138,Technology,Accessories,Logitech Trackman Marble Mouse,$71.98 ,3,0.2,$19.79 
31033,IN-2014-TS212057-41852,8/1/2014,8/4/2014,Second Class,TS-212057,Thomas Seio,Corporate,,Canberra,Australian Capital Territory,Australia,Oceania,Asia Pacific,FUR-TA-5053,Furniture,Tables,"Lesro Coffee Table, with Bottom Storage","$1,512.00 ",6,0,$498.96 
36523,CA-2014-AS10090140-41812,6/22/2014,6/27/2014,Standard Class,AS-100901406,Adam Shillingsburg,Consumer,10011,New York City,New York,United States,Eastern US,USCA,OFF-BI-5638,Office Supplies,Binders,"Premium Transparent Presentation Covers, No Pattern/Clear, 8 1/2"" x 11""",$186.14 ,6,0.2,$60.50 
49752,SF-2015-MV8190117-42362,12/24/2015,12/27/2015,First Class,MV-8190117,Mike Vittorini,Consumer,,Port Elizabeth,Eastern Cape,South Africa,Southern Africa,Africa,TEC-PH-3148,Technology,Phones,"Apple Smart Phone, Full Size","$2,550.00 ",4,0,$714.00 
34757,CA-2015-AS10090140-42264,9/17/2015,9/19/2015,First Class,AS-100901406,Adam Shillingsburg,Consumer,19143,Philadelphia,Pennsylvania,United States,Eastern US,USCA,TEC-AC-5094,Technology,Accessories,Logitech 910-002974 M325 Wireless Mouse for Web Scrolling,$47.98 ,2,0.2,$14.40 
20145,ES-2013-BD11560139-41327,2/22/2013,2/25/2013,First Class,BD-11560139,Brendan Dodson,Home Office,,Cambridge,England,United Kingdom,Northern Europe,Europe,FUR-CH-4655,Furniture,Chairs,"Hon Executive Leather Armchair, Black","$2,285.70 ",5,0,$845.70 
24211,IN-2015-PS1876059-42288,10/11/2015,10/13/2015,Second Class,PS-1876059,Pamela Stobb,Consumer,,Bandung,Jawa Barat,Indonesia,Southeastern Asia,Asia Pacific,FUR-BO-3648,Furniture,Bookcases,"Bush Stackable Bookrack, Traditional","$1,029.26 ",9,0.07,$10.82 
4027,US-2015-FM1421551-42115,4/21/2015,4/23/2015,Second Class,FM-1421551,Filia McAdams,Corporate,,Mixco,Guatemala,Guatemala,Central America,LATAM,TEC-CO-4577,Technology,Copiers,"Hewlett Fax Machine, High-Speed","$1,058.28 ",5,0.002,($2.12)
23212,IN-2014-CA1277558-41802,6/12/2014,6/17/2014,Standard Class,CA-1277558,Cynthia Arntzen,Consumer,,Kota,Chhattisgarh,India,Southern Asia,Asia Pacific,TEC-PH-3149,Technology,Phones,"Apple Smart Phone, with Caller ID","$5,751.54 ",9,0,"$2,817.99 "
14952,ES-2014-CD1279048-41899,9/17/2014,9/20/2014,First Class,CD-1279048,Cynthia Delaney,Home Office,,Munster,Lower Saxony,Germany,Western Europe,Europe,FUR-BO-5969,Furniture,Bookcases,"Sauder Library with Doors, Traditional","$2,442.07 ",7,0.1,($244.25)
30312,IN-2015-NL1831092-42266,9/19/2015,9/19/2015,Same Day,NL-1831092,Nancy Lomonaco,Home Office,,Christchurch,Canterbury,New Zealand,Oceania,Asia Pacific,OFF-ST-6046,Office Supplies,Storage,"Smead Lockers, Blue","$1,190.52 ",6,0,$178.56 
11657,IT-2015-TB2105545-42334,11/26/2015,12/3/2015,Standard Class,TB-2105545,Ted Butterfield,Consumer,,Vincennes,Ile-de-France,France,Western Europe,Europe,OFF-AP-4502,Office Supplies,Appliances,"Hamilton Beach Refrigerator, Red","$3,150.82 ",7,0.1,($35.09)
17552,ES-2015-NF1847548-42248,9/1/2015,9/1/2015,Same Day,NF-1847548,Neil Französisch,Home Office,,Moers,North Rhine-Westphalia,Germany,Western Europe,Europe,TEC-CO-3595,Technology,Copiers,"Brother Fax Machine, Color","$1,599.90 ",5,0,$719.85 
26759,IN-2015-KD1649527-42175,6/20/2015,6/26/2015,Standard Class,KD-1649527,Keith Dawkins,Corporate,,Chongqing,Chongqing,China,Eastern Asia,Asia Pacific,FUR-BO-3627,Furniture,Bookcases,"Bush Classic Bookcase, Traditional","$2,063.40 ",5,0,$123.75 
50837,HU-2015-EH412557-42300,10/23/2015,10/25/2015,First Class,EH-412557,Eugene Hildebrand,Home Office,,Gyula,Bekes,Hungary,Eastern Europe,Europe,OFF-ST-5702,Office Supplies,Storage,"Rogers Lockers, Single Width","$1,269.90 ",6,0,$558.72 
20869,IN-2012-KB1660058-41136,8/15/2012,8/19/2012,Standard Class,KB-1660058,Ken Brennan,Corporate,,Lucknow,Uttar Pradesh,India,Southern Asia,Asia Pacific,FUR-BO-3639,Furniture,Bookcases,"Bush Library with Doors, Metal","$3,274.02 ",9,0,$261.90 
2397,MX-2015-CS1246093-42259,9/12/2015,9/14/2015,First Class,CS-1246093,Chuck Sachs,Consumer,,Managua,Managua,Nicaragua,Central America,LATAM,TEC-PH-5841,Technology,Phones,"Samsung Smart Phone, VoIP",$848.32 ,2,0,$110.28 
33698,CA-2015-AS10090140-42096,4/2/2015,4/5/2015,Second Class,AS-100901402,Adam Shillingsburg,Consumer,65807,Springfield,Missouri,United States,Central US,USCA,OFF-ST-4516,Office Supplies,Storage,Hanging Personal Folder File,$94.20 ,6,0,$23.55 
15132,ES-2015-MG1769564-42018,1/14/2015,1/16/2015,First Class,MG-1769564,Maureen Gnade,Consumer,,Turin,Piedmont,Italy,Southern Europe,Europe,TEC-CO-6012,Technology,Copiers,"Sharp Wireless Fax, Laser","$2,847.36 ",8,0,$711.84 
27129,ID-2015-VF21715102-42321,11/13/2015,11/15/2015,Second Class,VF-21715102,Vicky Freymann,Home Office,,Manila,National Capital,Philippines,Southeastern Asia,Asia Pacific,FUR-CH-5380,Furniture,Chairs,"Novimex Executive Leather Armchair, Red","$1,725.75 ",5,0.25,($483.30)
25179,ID-2014-AM1070559-41803,6/13/2014,6/13/2014,Same Day,AM-1070559,Anne McFarland,Consumer,,Medan,Sumatera Utara,Indonesia,Southeastern Asia,Asia Pacific,TEC-CO-4568,Technology,Copiers,"Hewlett Copy Machine, Color","$1,479.31 ",6,0.07,($63.65)
34754,CA-2015-AS10090140-42264,9/17/2015,9/19/2015,First Class,AS-100901406,Adam Shillingsburg,Consumer,19143,Philadelphia,Pennsylvania,United States,Eastern US,USCA,FUR-FU-4050,Furniture,Furnishings,"Eldon Expressions Punched Metal & Wood Desk Accessories, Black & Cherry",$22.51 ,3,0.2,$2.25 
24610,IN-2015-BP11290113-42269,9/22/2015,9/25/2015,Second Class,BP-11290113,Beth Paige,Consumer,,Singapore,Singapore,Singapore,Southeastern Asia,Asia Pacific,TEC-CO-4588,Technology,Copiers,"Hewlett Personal Copier, High-Speed","$1,282.23 ",9,0,$12.69 
50724,AO-2012-HZ49504-40916,1/8/2012,1/13/2012,Standard Class,HZ-49504,Henia Zydlo,Consumer,,Benguela,Benguela,Angola,Central Africa,Africa,FUR-BO-4850,Furniture,Bookcases,"Ikea Classic Bookcase, Pine","$2,478.60 ",6,0,$49.50 
40952,CA-2012-AS10090140-41173,9/21/2012,9/28/2012,Standard Class,AS-100901406,Adam Shillingsburg,Consumer,10035,New York City,New York,United States,Eastern US,USCA,FUR-FU-3844,Furniture,Furnishings,"Computer Room Manger, 14""",$97.44 ,3,0,$35.08 
28226,IN-2014-EM1382566-41850,7/30/2014,7/30/2014,Same Day,EM-1382566,Elizabeth Moffitt,Corporate,,Himeji,Hyogo,Japan,Eastern Asia,Asia Pacific,TEC-CO-4578,Technology,Copiers,"Hewlett Fax Machine, Laser",$959.76 ,3,0,$460.62 
33191,US-2015-AS10090140-42341,12/3/2015,12/6/2015,First Class,AS-100901408,Adam Shillingsburg,Consumer,22901,Charlottesville,Virginia,United States,Southern US,USCA,OFF-AR-5285,Office Supplies,Art,Newell 309,$34.65 ,3,0,$10.40 
25941,IN-2015-BS1180059-42124,4/30/2015,5/4/2015,Standard Class,BS-1180059,Bryan Spruell,Home Office,,Kendari,Sulawesi Tenggara,Indonesia,Southeastern Asia,Asia Pacific,OFF-AP-4504,Office Supplies,Appliances,"Hamilton Beach Refrigerator, White","$4,135.64 ",10,0.17,$847.04 
581,MX-2012-DV1346539-41179,9/27/2012,9/29/2012,Second Class,DV-1346539,Dianna Vittorini,Consumer,,Mejicanos,San Salvador,El Salvador,Central America,LATAM,FUR-BO-5951,Furniture,Bookcases,"Sauder Classic Bookcase, Traditional","$2,325.28 ",8,0,$511.52 
21263,IN-2015-MB173057-42179,6/24/2015,6/28/2015,Standard Class,MB-173057,Maria Bertelson,Consumer,,Sydney,New South Wales,Australia,Oceania,Asia Pacific,FUR-BO-5948,Furniture,Bookcases,"Sauder Classic Bookcase, Metal","$5,486.67 ",14,0.1,"$2,316.51 "
13571,IT-2012-PC19000120-41004,4/5/2012,4/7/2012,First Class,PC-19000120,Pauline Chand,Home Office,,Barcelona,Catalonia,Spain,Southern Europe,Europe,OFF-ST-5700,Office Supplies,Storage,"Rogers Lockers, Blue","$1,523.66 ",8,0.1,($50.98)
11639,IT-2015-CA1231045-42223,8/7/2015,8/9/2015,Second Class,CA-1231045,Christine Abelman,Corporate,,Menton,Provence-Alpes-Côte d'Azur,France,Western Europe,Europe,TEC-PH-5355,Technology,Phones,"Nokia Smart Phone, Full Size","$1,625.24 ",3,0.15,($76.57)
33699,CA-2015-AS10090140-42096,4/2/2015,4/5/2015,Second Class,AS-100901402,Adam Shillingsburg,Consumer,65807,Springfield,Missouri,United States,Central US,USCA,OFF-FA-6129,Office Supplies,Fasteners,Staples,$28.40 ,5,0,$13.35 
13307,ES-2015-MB1808545-42049,2/14/2015,2/16/2015,First Class,MB-1808545,Mick Brown,Consumer,,Clermont-Ferrand,Auvergne,France,Western Europe,Europe,OFF-ST-6261,Office Supplies,Storage,"Tenex Lockers, Blue",$734.94 ,4,0.1,$130.62 
40245,CA-2012-AS10090140-41266,12/23/2012,12/25/2012,First Class,AS-100901404,Adam Shillingsburg,Consumer,92037,San Diego,California,United States,Western US,USCA,OFF-AP-3367,Office Supplies,Appliances,Belkin 7-Outlet SurgeMaster Home Series,$13.97 ,1,0,$3.63 
43307,RO-2013-DB3660107-41503,8/17/2013,8/19/2013,Second Class,DB-3660107,Duane Benoit,Consumer,,Buzau,Buzau,Romania,Eastern Europe,Europe,FUR-CH-5456,Furniture,Chairs,"Office Star Swivel Stool, Red","$1,391.52 ",8,0,$69.36 
33286,CA-2013-AS10090140-41587,11/9/2013,11/13/2013,Standard Class,AS-100901402,Adam Shillingsburg,Consumer,65807,Springfield,Missouri,United States,Central US,USCA,OFF-EN-2848,Office Supplies,Envelopes,"#10- 4 1/8"" x 9 1/2"" Recycled Envelopes",$26.22 ,3,0,$12.32 
9702,MX-2013-BG1174018-41493,8/7/2013,8/8/2013,First Class,BG-1174018,Bruce Geld,Consumer,,Bayeux,Paraíba,Brazil,South America,LATAM,OFF-AP-4960,Office Supplies,Appliances,"KitchenAid Refrigerator, Black","$2,461.06 ",7,0,$566.02 
36522,CA-2014-AS10090140-41812,6/22/2014,6/27/2014,Standard Class,AS-100901406,Adam Shillingsburg,Consumer,10011,New York City,New York,United States,Eastern US,USCA,OFF-BI-6094,Office Supplies,Binders,SpineVue Locking Slant-D Ring Binders by Cardinal,$36.56 ,5,0.2,$12.80 
39145,CA-2014-AS10090140-41762,5/3/2014,5/7/2014,Standard Class,AS-100901402,Adam Shillingsburg,Consumer,75061,Irving,Texas,United States,Central US,USCA,OFF-ST-3078,Office Supplies,Storage,Akro Stacking Bins,$18.94 ,3,0.2,($3.79)
22762,IN-2013-KB1631578-41495,8/9/2013,8/11/2013,First Class,KB-1631578,Karl Braun,Consumer,,Kuala Lumpur,Kuala Lumpur,Malaysia,Southeastern Asia,Asia Pacific,TEC-MA-5005,Technology,Machines,"Konica Card Printer, Wireless","$1,226.19 ",7,0,$612.99 
20867,ID-2014-PK190757-41691,2/21/2014,2/22/2014,First Class,PK-190757,Pete Kriz,Consumer,,Perth,Western Australia,Australia,Oceania,Asia Pacific,FUR-TA-3359,Furniture,Tables,"Barricks Wood Table, with Bottom Storage","$1,809.26 ",5,0.3,($258.50)
28836,ID-2013-CS121757-41473,7/18/2013,7/19/2013,First Class,CS-121757,Charles Sheldon,Corporate,,Darwin,Northern Territory,Australia,Oceania,Asia Pacific,TEC-AC-3402,Technology,Accessories,"Belkin Router, Bluetooth","$1,863.00 ",8,0.1,$393.24 
37405,CA-2014-AS10090140-41894,9/12/2014,9/17/2014,Standard Class,AS-100901402,Adam Shillingsburg,Consumer,60653,Chicago,Illinois,United States,Central US,USCA,OFF-LA-6021,Office Supplies,Labels,Smead Alpha-Z Color-Coded Name Labels First Letter Starter Set,$6.00 ,2,0.2,$2.10 
12815,ES-2015-AF1088545-42103,4/9/2015,4/12/2015,First Class,AF-1088545,Art Foster,Consumer,,Bayeux,Normandy,France,Western Europe,Europe,OFF-ST-6049,Office Supplies,Storage,"Smead Lockers, Wire Frame","$1,244.19 ",7,0.1,($13.92)
16587,ES-2013-SJ2050045-41443,6/18/2013,6/20/2013,Second Class,SJ-2050045,Shirley Jackson,Consumer,,Lens,Nord-Pas-de-Calais-Picardie,France,Western Europe,Europe,FUR-TA-3343,Furniture,Tables,"Barricks Conference Table, Adjustable Height","$2,364.10 ",4,0.35,($218.30)
18691,ES-2014-DM1295545-42004,12/31/2014,1/2/2015,First Class,DM-1295545,Dario Medina,Corporate,,Lannion,Brittany,France,Western Europe,Europe,TEC-CO-4590,Technology,Copiers,"Hewlett Wireless Fax, Color","$1,946.31 ",6,0.15,$114.45 
39146,CA-2014-AS10090140-41762,5/3/2014,5/7/2014,Standard Class,AS-100901402,Adam Shillingsburg,Consumer,75061,Irving,Texas,United States,Central US,USCA,OFF-ST-6158,Office Supplies,Storage,Sterilite Show Offs Storage Containers,$12.67 ,3,0.2,($3.17)
17534,IT-2013-CC1261048-41289,1/15/2013,1/17/2013,First Class,CC-1261048,Corey Catlett,Corporate,,Iserlohn,North Rhine-Westphalia,Germany,Western Europe,Europe,OFF-AP-4497,Office Supplies,Appliances,"Hamilton Beach Microwave, Black","$2,283.71 ",9,0.1,($0.22)
46920,CG-2013-BW106533-41437,6/12/2013,6/14/2013,First Class,BW-106533,Barry Weirich,Consumer,,Kalemie,Katanga,Democratic Republic of the Congo,Central Africa,Africa,TEC-PH-5840,Technology,Phones,"Samsung Smart Phone, Full Size","$2,549.76 ",4,0,"$1,172.88 "
20521,IN-2015-BE114557-42080,3/17/2015,3/22/2015,Second Class,BE-114557,Brad Eason,Home Office,,Sydney,New South Wales,Australia,Oceania,Asia Pacific,TEC-CO-4568,Technology,Copiers,"Hewlett Copy Machine, Color","$3,299.56 ",14,0.1,$366.28 
12032,ES-2013-TG2164014-41591,11/13/2013,11/17/2013,Standard Class,TG-2164014,Trudy Glocke,Consumer,,Ghent,East Flanders,Belgium,Western Europe,Europe,OFF-AP-3867,Office Supplies,Appliances,"Cuisinart Microwave, White","$2,489.40 ",9,0,$273.78 
39147,CA-2014-AS10090140-41762,5/3/2014,5/7/2014,Standard Class,AS-100901402,Adam Shillingsburg,Consumer,75061,Irving,Texas,United States,Central US,USCA,OFF-LA-3224,Office Supplies,Labels,Avery 502,$5.04 ,2,0.2,$1.76 
34755,CA-2015-AS10090140-42264,9/17/2015,9/19/2015,First Class,AS-100901406,Adam Shillingsburg,Consumer,19143,Philadelphia,Pennsylvania,United States,Eastern US,USCA,OFF-BI-3473,Office Supplies,Binders,Binder Posts,$3.44 ,2,0.7,($2.76)
11549,ES-2015-VM2168545-42140,5/16/2015,5/19/2015,First Class,VM-2168545,Valerie Mitchum,Home Office,,Marseille,Provence-Alpes-Côte d'Azur,France,Western Europe,Europe,FUR-BO-5971,Furniture,Bookcases,"Sauder Stackable Bookrack, Mobile","$1,189.24 ",9,0.1,$250.99 
33284,CA-2013-AS10090140-41587,11/9/2013,11/13/2013,Standard Class,AS-100901402,Adam Shillingsburg,Consumer,65807,Springfield,Missouri,United States,Central US,USCA,OFF-BI-3473,Office Supplies,Binders,Binder Posts,$17.22 ,3,0,$7.92 
2808,MX-2015-SC2069539-42360,12/22/2015,12/24/2015,First Class,SC-2069539,Steve Chapman,Corporate,,Soyapango,San Salvador,El Salvador,Central America,LATAM,FUR-CH-4530,Furniture,Chairs,"Harbour Creations Executive Leather Armchair, Adjustable","$1,269.60 ",4,0,$355.44 
29513,ID-2014-SN2056097-41896,9/14/2014,9/14/2014,Same Day,SN-2056097,Skye Norling,Home Office,,Lahore,Punjab,Pakistan,Southern Asia,Asia Pacific,TEC-PH-3148,Technology,Phones,"Apple Smart Phone, Full Size","$3,499.16 ",11,0.5,"($3,009.44)"
25671,ID-2014-CD122807-41646,1/7/2014,1/13/2014,Standard Class,CD-122807,Christina DeMoss,Consumer,,Sydney,New South Wales,Australia,Oceania,Asia Pacific,FUR-TA-5059,Furniture,Tables,"Lesro Conference Table, Rectangular","$2,993.03 ",5,0.3,$726.83 
14419,ES-2015-CC1210045-42182,6/27/2015,6/27/2015,Same Day,CC-1210045,Chad Cunningham,Home Office,,Grenoble,Auvergne-Rhône-Alpes,France,Western Europe,Europe,TEC-CO-3595,Technology,Copiers,"Brother Fax Machine, Color",$815.95 ,3,0.15,$287.92 
17361,ES-2013-BG1103544-41468,7/13/2013,7/16/2013,Second Class,BG-1103544,Barry Gonzalez,Consumer,,Espoo,Uusimaa,Finland,Northern Europe,Europe,TEC-MA-5502,Technology,Machines,"Okidata Inkjet, White","$1,245.00 ",4,0,$161.76 
30082,IN-2015-CC125507-42046,2/11/2015,2/11/2015,Same Day,CC-125507,Clay Cheatham,Consumer,,Whyalla,South Australia,Australia,Oceania,Asia Pacific,TEC-CO-3706,Technology,Copiers,"Canon Personal Copier, Laser","$1,027.73 ",8,0.1,$182.69 
22207,IN-2015-AB101057-42153,5/29/2015,6/5/2015,Standard Class,AB-101057,Adrian Barton,Consumer,,Adelaide,South Australia,Australia,Oceania,Asia Pacific,TEC-CO-3609,Technology,Copiers,"Brother Wireless Fax, Digital","$1,703.03 ",5,0.1,$737.93 
29552,IN-2015-SV2078559-42110,4/16/2015,4/18/2015,Second Class,SV-2078559,Stewart Visinsky,Consumer,,Medan,Sumatera Utara,Indonesia,Southeastern Asia,Asia Pacific,OFF-ST-6049,Office Supplies,Storage,"Smead Lockers, Wire Frame","$1,803.08 ",11,0.17,($130.39)
17894,ES-2015-HW1493545-42335,11/27/2015,11/29/2015,First Class,HW-1493545,Helen Wasserman,Corporate,,Ivry-sur-Seine,Ile-de-France,France,Western Europe,Europe,FUR-BO-5798,Furniture,Bookcases,"Safco Stackable Bookrack, Pine",$676.49 ,5,0.1,$195.29 
